%YAML 1.1
%TAG !u! tag:unity3d.com,2011:
--- !u!29 &1
OcclusionCullingSettings:
  m_ObjectHideFlags: 0
  serializedVersion: 2
  m_OcclusionBakeSettings:
    smallestOccluder: 5
    smallestHole: 0.25
    backfaceThreshold: 100
  m_SceneGUID: 00000000000000000000000000000000
  m_OcclusionCullingData: {fileID: 0}
--- !u!104 &2
RenderSettings:
  m_ObjectHideFlags: 0
  serializedVersion: 9
  m_Fog: 0
  m_FogColor: {r: 0.5, g: 0.5, b: 0.5, a: 1}
  m_FogMode: 3
  m_FogDensity: 0.01
  m_LinearFogStart: 0
  m_LinearFogEnd: 300
  m_AmbientSkyColor: {r: 0.212, g: 0.227, b: 0.259, a: 1}
  m_AmbientEquatorColor: {r: 0.114, g: 0.125, b: 0.133, a: 1}
  m_AmbientGroundColor: {r: 0.047, g: 0.043, b: 0.035, a: 1}
  m_AmbientIntensity: 1
  m_AmbientMode: 0
  m_SubtractiveShadowColor: {r: 0.42, g: 0.478, b: 0.627, a: 1}
  m_SkyboxMaterial: {fileID: 2100000, guid: 6abe918ee1229b34f8557fc2a5a39825, type: 2}
  m_HaloStrength: 0.5
  m_FlareStrength: 1
  m_FlareFadeSpeed: 3
  m_HaloTexture: {fileID: 0}
  m_SpotCookie: {fileID: 10001, guid: 0000000000000000e000000000000000, type: 0}
  m_DefaultReflectionMode: 0
  m_DefaultReflectionResolution: 128
  m_ReflectionBounces: 1
  m_ReflectionIntensity: 1
  m_CustomReflection: {fileID: 0}
  m_Sun: {fileID: 0}
  m_IndirectSpecularColor: {r: 0.3886733, g: 0.7280866, b: 0.7325946, a: 1}
  m_UseRadianceAmbientProbe: 0
--- !u!157 &3
LightmapSettings:
  m_ObjectHideFlags: 0
  serializedVersion: 12
  m_GIWorkflowMode: 1
  m_GISettings:
    serializedVersion: 2
    m_BounceScale: 1
    m_IndirectOutputScale: 1
    m_AlbedoBoost: 1
    m_EnvironmentLightingMode: 0
    m_EnableBakedLightmaps: 1
    m_EnableRealtimeLightmaps: 0
  m_LightmapEditorSettings:
    serializedVersion: 12
    m_Resolution: 2
    m_BakeResolution: 40
    m_AtlasSize: 1024
    m_AO: 0
    m_AOMaxDistance: 1
    m_CompAOExponent: 1
    m_CompAOExponentDirect: 0
    m_ExtractAmbientOcclusion: 0
    m_Padding: 2
    m_LightmapParameters: {fileID: 0}
    m_LightmapsBakeMode: 1
    m_TextureCompression: 1
    m_FinalGather: 0
    m_FinalGatherFiltering: 1
    m_FinalGatherRayCount: 256
    m_ReflectionCompression: 2
    m_MixedBakeMode: 2
    m_BakeBackend: 1
    m_PVRSampling: 1
    m_PVRDirectSampleCount: 32
    m_PVRSampleCount: 512
    m_PVRBounces: 2
    m_PVREnvironmentSampleCount: 256
    m_PVREnvironmentReferencePointCount: 2048
    m_PVRFilteringMode: 1
    m_PVRDenoiserTypeDirect: 1
    m_PVRDenoiserTypeIndirect: 1
    m_PVRDenoiserTypeAO: 1
    m_PVRFilterTypeDirect: 0
    m_PVRFilterTypeIndirect: 0
    m_PVRFilterTypeAO: 0
    m_PVREnvironmentMIS: 1
    m_PVRCulling: 1
    m_PVRFilteringGaussRadiusDirect: 1
    m_PVRFilteringGaussRadiusIndirect: 5
    m_PVRFilteringGaussRadiusAO: 2
    m_PVRFilteringAtrousPositionSigmaDirect: 0.5
    m_PVRFilteringAtrousPositionSigmaIndirect: 2
    m_PVRFilteringAtrousPositionSigmaAO: 1
    m_ExportTrainingData: 0
    m_TrainingDataDestination: TrainingData
    m_LightProbeSampleCountMultiplier: 4
  m_LightingDataAsset: {fileID: 0}
  m_LightingSettings: {fileID: 0}
--- !u!196 &4
NavMeshSettings:
  serializedVersion: 2
  m_ObjectHideFlags: 0
  m_BuildSettings:
    serializedVersion: 2
    agentTypeID: 0
    agentRadius: 0.5
    agentHeight: 2
    agentSlope: 45
    agentClimb: 0.4
    ledgeDropHeight: 0
    maxJumpAcrossDistance: 0
    minRegionArea: 2
    manualCellSize: 0
    cellSize: 0.16666667
    manualTileSize: 0
    tileSize: 256
    accuratePlacement: 0
    maxJobWorkers: 0
    preserveTilesOutsideBounds: 0
    debug:
      m_Flags: 0
  m_NavMeshData: {fileID: 0}
--- !u!1 &42153767 stripped
GameObject:
  m_CorrespondingSourceObject: {fileID: -1554193974251969968, guid: 5907afe82931dba47abd31177690fc35,
    type: 3}
  m_PrefabInstance: {fileID: 2047621606}
  m_PrefabAsset: {fileID: 0}
--- !u!64 &42153771
MeshCollider:
  m_ObjectHideFlags: 0
  m_CorrespondingSourceObject: {fileID: 0}
  m_PrefabInstance: {fileID: 0}
  m_PrefabAsset: {fileID: 0}
  m_GameObject: {fileID: 42153767}
  m_Material: {fileID: 0}
  m_IsTrigger: 0
  m_Enabled: 1
  serializedVersion: 4
  m_Convex: 0
  m_CookingOptions: 30
  m_Mesh: {fileID: -2639241166356525208, guid: 5907afe82931dba47abd31177690fc35, type: 3}
--- !u!1 &97943950 stripped
GameObject:
  m_CorrespondingSourceObject: {fileID: -2234811440987334085, guid: 5907afe82931dba47abd31177690fc35,
    type: 3}
  m_PrefabInstance: {fileID: 2047621606}
  m_PrefabAsset: {fileID: 0}
--- !u!64 &97943954
MeshCollider:
  m_ObjectHideFlags: 0
  m_CorrespondingSourceObject: {fileID: 0}
  m_PrefabInstance: {fileID: 0}
  m_PrefabAsset: {fileID: 0}
  m_GameObject: {fileID: 97943950}
  m_Material: {fileID: 0}
  m_IsTrigger: 0
  m_Enabled: 1
  serializedVersion: 4
  m_Convex: 0
  m_CookingOptions: 30
  m_Mesh: {fileID: -3243264717552843444, guid: 5907afe82931dba47abd31177690fc35, type: 3}
--- !u!1 &128487904 stripped
GameObject:
  m_CorrespondingSourceObject: {fileID: -2815194613554758484, guid: 5907afe82931dba47abd31177690fc35,
    type: 3}
  m_PrefabInstance: {fileID: 2047621606}
  m_PrefabAsset: {fileID: 0}
--- !u!64 &128487908
MeshCollider:
  m_ObjectHideFlags: 0
  m_CorrespondingSourceObject: {fileID: 0}
  m_PrefabInstance: {fileID: 0}
  m_PrefabAsset: {fileID: 0}
  m_GameObject: {fileID: 128487904}
  m_Material: {fileID: 0}
  m_IsTrigger: 0
  m_Enabled: 1
  serializedVersion: 4
  m_Convex: 0
  m_CookingOptions: 30
  m_Mesh: {fileID: 4944557015945844418, guid: 5907afe82931dba47abd31177690fc35, type: 3}
--- !u!1 &129817160
GameObject:
  m_ObjectHideFlags: 0
  m_CorrespondingSourceObject: {fileID: 0}
  m_PrefabInstance: {fileID: 0}
  m_PrefabAsset: {fileID: 0}
  serializedVersion: 6
  m_Component:
  - component: {fileID: 129817162}
  - component: {fileID: 129817161}
  m_Layer: 0
  m_Name: MultiplayerManager
  m_TagString: Untagged
  m_Icon: {fileID: 0}
  m_NavMeshLayer: 0
  m_StaticEditorFlags: 0
  m_IsActive: 1
--- !u!114 &129817161
MonoBehaviour:
  m_ObjectHideFlags: 0
  m_CorrespondingSourceObject: {fileID: 0}
  m_PrefabInstance: {fileID: 0}
  m_PrefabAsset: {fileID: 0}
  m_GameObject: {fileID: 129817160}
  m_Enabled: 1
  m_EditorHideFlags: 0
  m_Script: {fileID: 11500000, guid: bfe81266412df2f4898006a79397697b, type: 3}
  m_Name: 
  m_EditorClassIdentifier: 
  _colyseusSettings: {fileID: 11400000, guid: 51d52530cc10bbd4da5f0c00bc5c1a45, type: 2}
  _factory: {fileID: 1882400727}
  _spawnPoints: {fileID: 625207051}
  <LossCounter>k__BackingField: {fileID: 918168981}
--- !u!4 &129817162
Transform:
  m_ObjectHideFlags: 0
  m_CorrespondingSourceObject: {fileID: 0}
  m_PrefabInstance: {fileID: 0}
  m_PrefabAsset: {fileID: 0}
  m_GameObject: {fileID: 129817160}
  m_LocalRotation: {x: 0, y: 0, z: 0, w: 1}
  m_LocalPosition: {x: 0.35600948, y: 1.8273888, z: -9.712353}
  m_LocalScale: {x: 1, y: 1, z: 1}
  m_ConstrainProportionsScale: 0
  m_Children: []
  m_Father: {fileID: 0}
  m_RootOrder: 2
  m_LocalEulerAnglesHint: {x: 0, y: 0, z: 0}
--- !u!1 &153129086 stripped
GameObject:
  m_CorrespondingSourceObject: {fileID: -7359278958463129214, guid: 5907afe82931dba47abd31177690fc35,
    type: 3}
  m_PrefabInstance: {fileID: 2047621606}
  m_PrefabAsset: {fileID: 0}
--- !u!64 &153129090
MeshCollider:
  m_ObjectHideFlags: 0
  m_CorrespondingSourceObject: {fileID: 0}
  m_PrefabInstance: {fileID: 0}
  m_PrefabAsset: {fileID: 0}
  m_GameObject: {fileID: 153129086}
  m_Material: {fileID: 0}
  m_IsTrigger: 0
  m_Enabled: 1
  serializedVersion: 4
  m_Convex: 0
  m_CookingOptions: 30
  m_Mesh: {fileID: -8148374250349615983, guid: 5907afe82931dba47abd31177690fc35, type: 3}
--- !u!1 &154711484 stripped
GameObject:
  m_CorrespondingSourceObject: {fileID: 4609190261242277994, guid: 5907afe82931dba47abd31177690fc35,
    type: 3}
  m_PrefabInstance: {fileID: 2047621606}
  m_PrefabAsset: {fileID: 0}
--- !u!64 &154711488
MeshCollider:
  m_ObjectHideFlags: 0
  m_CorrespondingSourceObject: {fileID: 0}
  m_PrefabInstance: {fileID: 0}
  m_PrefabAsset: {fileID: 0}
  m_GameObject: {fileID: 154711484}
  m_Material: {fileID: 0}
  m_IsTrigger: 0
  m_Enabled: 1
  serializedVersion: 4
  m_Convex: 0
  m_CookingOptions: 30
  m_Mesh: {fileID: -4521598327001553363, guid: 5907afe82931dba47abd31177690fc35, type: 3}
--- !u!1 &168930266
GameObject:
  m_ObjectHideFlags: 0
  m_CorrespondingSourceObject: {fileID: 0}
  m_PrefabInstance: {fileID: 0}
  m_PrefabAsset: {fileID: 0}
  serializedVersion: 6
  m_Component:
  - component: {fileID: 168930267}
  m_Layer: 0
  m_Name: 3
  m_TagString: Untagged
  m_Icon: {fileID: -1412012063857583412, guid: 0000000000000000d000000000000000, type: 0}
  m_NavMeshLayer: 0
  m_StaticEditorFlags: 0
  m_IsActive: 1
--- !u!4 &168930267
Transform:
  m_ObjectHideFlags: 0
  m_CorrespondingSourceObject: {fileID: 0}
  m_PrefabInstance: {fileID: 0}
  m_PrefabAsset: {fileID: 0}
  m_GameObject: {fileID: 168930266}
  m_LocalRotation: {x: 0, y: -0.3915343, z: 0, w: 0.9201635}
  m_LocalPosition: {x: 17.12, y: -1.06, z: -19.52}
  m_LocalScale: {x: 1, y: 1, z: 1}
  m_ConstrainProportionsScale: 0
  m_Children: []
  m_Father: {fileID: 625207050}
  m_RootOrder: 2
  m_LocalEulerAnglesHint: {x: 0, y: -46.1, z: 0}
--- !u!1 &171254031 stripped
GameObject:
  m_CorrespondingSourceObject: {fileID: -7556275672212240162, guid: 5907afe82931dba47abd31177690fc35,
    type: 3}
  m_PrefabInstance: {fileID: 2047621606}
  m_PrefabAsset: {fileID: 0}
--- !u!64 &171254035
MeshCollider:
  m_ObjectHideFlags: 0
  m_CorrespondingSourceObject: {fileID: 0}
  m_PrefabInstance: {fileID: 0}
  m_PrefabAsset: {fileID: 0}
  m_GameObject: {fileID: 171254031}
  m_Material: {fileID: 0}
  m_IsTrigger: 0
  m_Enabled: 1
  serializedVersion: 4
  m_Convex: 0
  m_CookingOptions: 30
  m_Mesh: {fileID: 3868671361854562809, guid: 5907afe82931dba47abd31177690fc35, type: 3}
--- !u!1 &263894877 stripped
GameObject:
  m_CorrespondingSourceObject: {fileID: -6319091506081472516, guid: 5907afe82931dba47abd31177690fc35,
    type: 3}
  m_PrefabInstance: {fileID: 2047621606}
  m_PrefabAsset: {fileID: 0}
--- !u!64 &263894881
MeshCollider:
  m_ObjectHideFlags: 0
  m_CorrespondingSourceObject: {fileID: 0}
  m_PrefabInstance: {fileID: 0}
  m_PrefabAsset: {fileID: 0}
  m_GameObject: {fileID: 263894877}
  m_Material: {fileID: 0}
  m_IsTrigger: 0
  m_Enabled: 1
  serializedVersion: 4
  m_Convex: 0
  m_CookingOptions: 30
  m_Mesh: {fileID: -7432018027054398609, guid: 5907afe82931dba47abd31177690fc35, type: 3}
--- !u!1 &329754538 stripped
GameObject:
  m_CorrespondingSourceObject: {fileID: -2422315340263230684, guid: 5907afe82931dba47abd31177690fc35,
    type: 3}
  m_PrefabInstance: {fileID: 2047621606}
  m_PrefabAsset: {fileID: 0}
--- !u!64 &329754542
MeshCollider:
  m_ObjectHideFlags: 0
  m_CorrespondingSourceObject: {fileID: 0}
  m_PrefabInstance: {fileID: 0}
  m_PrefabAsset: {fileID: 0}
  m_GameObject: {fileID: 329754538}
  m_Material: {fileID: 0}
  m_IsTrigger: 0
  m_Enabled: 1
  serializedVersion: 4
  m_Convex: 0
  m_CookingOptions: 30
  m_Mesh: {fileID: -3996760141626369306, guid: 5907afe82931dba47abd31177690fc35, type: 3}
--- !u!1 &330585543
GameObject:
  m_ObjectHideFlags: 0
  m_CorrespondingSourceObject: {fileID: 0}
  m_PrefabInstance: {fileID: 0}
  m_PrefabAsset: {fileID: 0}
  serializedVersion: 6
  m_Component:
  - component: {fileID: 330585546}
  - component: {fileID: 330585545}
  - component: {fileID: 330585544}
  - component: {fileID: 330585547}
  m_Layer: 0
  m_Name: Main Camera
  m_TagString: MainCamera
  m_Icon: {fileID: 0}
  m_NavMeshLayer: 0
  m_StaticEditorFlags: 0
  m_IsActive: 1
--- !u!81 &330585544
AudioListener:
  m_ObjectHideFlags: 0
  m_CorrespondingSourceObject: {fileID: 0}
  m_PrefabInstance: {fileID: 0}
  m_PrefabAsset: {fileID: 0}
  m_GameObject: {fileID: 330585543}
  m_Enabled: 1
--- !u!20 &330585545
Camera:
  m_ObjectHideFlags: 0
  m_CorrespondingSourceObject: {fileID: 0}
  m_PrefabInstance: {fileID: 0}
  m_PrefabAsset: {fileID: 0}
  m_GameObject: {fileID: 330585543}
  m_Enabled: 1
  serializedVersion: 2
  m_ClearFlags: 1
  m_BackGroundColor: {r: 0.19215687, g: 0.3019608, b: 0.4745098, a: 0}
  m_projectionMatrixMode: 1
  m_GateFitMode: 2
  m_FOVAxisMode: 0
  m_SensorSize: {x: 36, y: 24}
  m_LensShift: {x: 0, y: 0}
  m_FocalLength: 50
  m_NormalizedViewPortRect:
    serializedVersion: 2
    x: 0
    y: 0
    width: 1
    height: 1
  near clip plane: 0.3
  far clip plane: 1000
  field of view: 60
  orthographic: 0
  orthographic size: 5
  m_Depth: -1
  m_CullingMask:
    serializedVersion: 2
    m_Bits: 4294967295
  m_RenderingPath: -1
  m_TargetTexture: {fileID: 0}
  m_TargetDisplay: 0
  m_TargetEye: 3
  m_HDR: 1
  m_AllowMSAA: 1
  m_AllowDynamicResolution: 0
  m_ForceIntoRT: 0
  m_OcclusionCulling: 1
  m_StereoConvergence: 10
  m_StereoSeparation: 0.022
--- !u!4 &330585546
Transform:
  m_ObjectHideFlags: 0
  m_CorrespondingSourceObject: {fileID: 0}
  m_PrefabInstance: {fileID: 0}
  m_PrefabAsset: {fileID: 0}
  m_GameObject: {fileID: 330585543}
  m_LocalRotation: {x: -0, y: -0, z: -0, w: 1}
  m_LocalPosition: {x: 5.96, y: 1.6281564, z: 6.0362577}
  m_LocalScale: {x: 1, y: 1, z: 1}
  m_ConstrainProportionsScale: 0
  m_Children: []
  m_Father: {fileID: 1512255730}
  m_RootOrder: 2
  m_LocalEulerAnglesHint: {x: 0, y: 0, z: 0}
--- !u!114 &330585547
MonoBehaviour:
  m_ObjectHideFlags: 0
  m_CorrespondingSourceObject: {fileID: 0}
  m_PrefabInstance: {fileID: 0}
  m_PrefabAsset: {fileID: 0}
  m_GameObject: {fileID: 330585543}
  m_Enabled: 1
  m_EditorHideFlags: 0
  m_Script: {fileID: 11500000, guid: a79441f348de89743a2939f4d699eac1, type: 3}
  m_Name: 
  m_EditorClassIdentifier: 
  m_RenderShadows: 1
  m_RequiresDepthTextureOption: 2
  m_RequiresOpaqueTextureOption: 2
  m_CameraType: 0
  m_Cameras: []
  m_RendererIndex: -1
  m_VolumeLayerMask:
    serializedVersion: 2
    m_Bits: 1
  m_VolumeTrigger: {fileID: 0}
  m_VolumeFrameworkUpdateModeOption: 2
  m_RenderPostProcessing: 1
  m_Antialiasing: 0
  m_AntialiasingQuality: 2
  m_StopNaN: 0
  m_Dithering: 0
  m_ClearDepth: 1
  m_AllowXRRendering: 1
  m_RequiresDepthTexture: 0
  m_RequiresColorTexture: 0
  m_Version: 2
--- !u!1 &380576377
GameObject:
  m_ObjectHideFlags: 0
  m_CorrespondingSourceObject: {fileID: 0}
  m_PrefabInstance: {fileID: 0}
  m_PrefabAsset: {fileID: 0}
  serializedVersion: 6
  m_Component:
  - component: {fileID: 380576381}
  - component: {fileID: 380576380}
  - component: {fileID: 380576379}
  - component: {fileID: 380576378}
  - component: {fileID: 380576382}
  m_Layer: 5
  m_Name: Canvas
  m_TagString: Untagged
  m_Icon: {fileID: 0}
  m_NavMeshLayer: 0
  m_StaticEditorFlags: 0
  m_IsActive: 1
--- !u!114 &380576378
MonoBehaviour:
  m_ObjectHideFlags: 0
  m_CorrespondingSourceObject: {fileID: 0}
  m_PrefabInstance: {fileID: 0}
  m_PrefabAsset: {fileID: 0}
  m_GameObject: {fileID: 380576377}
  m_Enabled: 1
  m_EditorHideFlags: 0
  m_Script: {fileID: 11500000, guid: dc42784cf147c0c48a680349fa168899, type: 3}
  m_Name: 
  m_EditorClassIdentifier: 
  m_IgnoreReversedGraphics: 1
  m_BlockingObjects: 0
  m_BlockingMask:
    serializedVersion: 2
    m_Bits: 4294967295
--- !u!114 &380576379
MonoBehaviour:
  m_ObjectHideFlags: 0
  m_CorrespondingSourceObject: {fileID: 0}
  m_PrefabInstance: {fileID: 0}
  m_PrefabAsset: {fileID: 0}
  m_GameObject: {fileID: 380576377}
  m_Enabled: 1
  m_EditorHideFlags: 0
  m_Script: {fileID: 11500000, guid: 0cd44c1031e13a943bb63640046fad76, type: 3}
  m_Name: 
  m_EditorClassIdentifier: 
  m_UiScaleMode: 1
  m_ReferencePixelsPerUnit: 100
  m_ScaleFactor: 1
  m_ReferenceResolution: {x: 800, y: 600}
  m_ScreenMatchMode: 0
  m_MatchWidthOrHeight: 0
  m_PhysicalUnit: 3
  m_FallbackScreenDPI: 96
  m_DefaultSpriteDPI: 96
  m_DynamicPixelsPerUnit: 1
  m_PresetInfoIsWorld: 0
--- !u!223 &380576380
Canvas:
  m_ObjectHideFlags: 0
  m_CorrespondingSourceObject: {fileID: 0}
  m_PrefabInstance: {fileID: 0}
  m_PrefabAsset: {fileID: 0}
  m_GameObject: {fileID: 380576377}
  m_Enabled: 1
  serializedVersion: 3
  m_RenderMode: 0
  m_Camera: {fileID: 0}
  m_PlaneDistance: 100
  m_PixelPerfect: 0
  m_ReceivesEvents: 1
  m_OverrideSorting: 0
  m_OverridePixelPerfect: 0
  m_SortingBucketNormalizedSize: 0
  m_AdditionalShaderChannelsFlag: 25
  m_SortingLayerID: 0
  m_SortingOrder: 0
  m_TargetDisplay: 0
--- !u!224 &380576381
RectTransform:
  m_ObjectHideFlags: 0
  m_CorrespondingSourceObject: {fileID: 0}
  m_PrefabInstance: {fileID: 0}
  m_PrefabAsset: {fileID: 0}
  m_GameObject: {fileID: 380576377}
  m_LocalRotation: {x: 0, y: 0, z: 0, w: 1}
  m_LocalPosition: {x: 0, y: 0, z: 0}
  m_LocalScale: {x: 0, y: 0, z: 0}
  m_ConstrainProportionsScale: 0
  m_Children:
  - {fileID: 1875494135}
  m_Father: {fileID: 417873557}
  m_RootOrder: 1
  m_LocalEulerAnglesHint: {x: 0, y: 0, z: 0}
  m_AnchorMin: {x: 0, y: 0}
  m_AnchorMax: {x: 0, y: 0}
  m_AnchoredPosition: {x: 0, y: 0}
  m_SizeDelta: {x: 0, y: 0}
  m_Pivot: {x: 0, y: 0}
--- !u!114 &380576382
MonoBehaviour:
  m_ObjectHideFlags: 0
  m_CorrespondingSourceObject: {fileID: 0}
  m_PrefabInstance: {fileID: 0}
  m_PrefabAsset: {fileID: 0}
  m_GameObject: {fileID: 380576377}
  m_Enabled: 1
  m_EditorHideFlags: 0
  m_Script: {fileID: 11500000, guid: ae336c26bc39776498c6961ff7fc62dd, type: 3}
  m_Name: 
  m_EditorClassIdentifier: 
  _lossCounter: {fileID: 918168981}
  _text: {fileID: 1875494136}
--- !u!1 &408717903 stripped
GameObject:
  m_CorrespondingSourceObject: {fileID: 5618701585267747043, guid: 5907afe82931dba47abd31177690fc35,
    type: 3}
  m_PrefabInstance: {fileID: 2047621606}
  m_PrefabAsset: {fileID: 0}
--- !u!64 &408717907
MeshCollider:
  m_ObjectHideFlags: 0
  m_CorrespondingSourceObject: {fileID: 0}
  m_PrefabInstance: {fileID: 0}
  m_PrefabAsset: {fileID: 0}
  m_GameObject: {fileID: 408717903}
  m_Material: {fileID: 0}
  m_IsTrigger: 0
  m_Enabled: 1
  serializedVersion: 4
  m_Convex: 0
  m_CookingOptions: 30
  m_Mesh: {fileID: 7381432648153889556, guid: 5907afe82931dba47abd31177690fc35, type: 3}
--- !u!1 &410087039
GameObject:
  m_ObjectHideFlags: 0
  m_CorrespondingSourceObject: {fileID: 0}
  m_PrefabInstance: {fileID: 0}
  m_PrefabAsset: {fileID: 0}
  serializedVersion: 6
  m_Component:
  - component: {fileID: 410087041}
  - component: {fileID: 410087040}
  - component: {fileID: 410087042}
  m_Layer: 0
  m_Name: Directional Light
  m_TagString: Untagged
  m_Icon: {fileID: 0}
  m_NavMeshLayer: 0
  m_StaticEditorFlags: 0
  m_IsActive: 1
--- !u!108 &410087040
Light:
  m_ObjectHideFlags: 0
  m_CorrespondingSourceObject: {fileID: 0}
  m_PrefabInstance: {fileID: 0}
  m_PrefabAsset: {fileID: 0}
  m_GameObject: {fileID: 410087039}
  m_Enabled: 1
  serializedVersion: 10
  m_Type: 1
  m_Shape: 0
  m_Color: {r: 1, g: 1, b: 1, a: 1}
  m_Intensity: 2
  m_Range: 10
  m_SpotAngle: 30
  m_InnerSpotAngle: 21.80208
  m_CookieSize: 10
  m_Shadows:
    m_Type: 2
    m_Resolution: -1
    m_CustomResolution: -1
    m_Strength: 1
    m_Bias: 0.05
    m_NormalBias: 0.4
    m_NearPlane: 0.2
    m_CullingMatrixOverride:
      e00: 1
      e01: 0
      e02: 0
      e03: 0
      e10: 0
      e11: 1
      e12: 0
      e13: 0
      e20: 0
      e21: 0
      e22: 1
      e23: 0
      e30: 0
      e31: 0
      e32: 0
      e33: 1
    m_UseCullingMatrixOverride: 0
  m_Cookie: {fileID: 0}
  m_DrawHalo: 0
  m_Flare: {fileID: 0}
  m_RenderMode: 0
  m_CullingMask:
    serializedVersion: 2
    m_Bits: 4294967295
  m_RenderingLayerMask: 1
  m_Lightmapping: 4
  m_LightShadowCasterMode: 0
  m_AreaSize: {x: 1, y: 1}
  m_BounceIntensity: 1
  m_ColorTemperature: 4474
  m_UseColorTemperature: 1
  m_BoundingSphereOverride: {x: 0, y: 0, z: 0, w: 0}
  m_UseBoundingSphereOverride: 0
  m_UseViewFrustumForShadowCasterCull: 1
  m_ShadowRadius: 0
  m_ShadowAngle: 0
--- !u!4 &410087041
Transform:
  m_ObjectHideFlags: 0
  m_CorrespondingSourceObject: {fileID: 0}
  m_PrefabInstance: {fileID: 0}
  m_PrefabAsset: {fileID: 0}
  m_GameObject: {fileID: 410087039}
  m_LocalRotation: {x: 0.40821788, y: -0.23456968, z: 0.10938163, w: 0.8754261}
  m_LocalPosition: {x: 0, y: 3, z: 0}
  m_LocalScale: {x: 1, y: 1, z: 1}
  m_ConstrainProportionsScale: 0
  m_Children: []
  m_Father: {fileID: 1512255730}
  m_RootOrder: 1
  m_LocalEulerAnglesHint: {x: 50, y: -30, z: 0}
--- !u!114 &410087042
MonoBehaviour:
  m_ObjectHideFlags: 0
  m_CorrespondingSourceObject: {fileID: 0}
  m_PrefabInstance: {fileID: 0}
  m_PrefabAsset: {fileID: 0}
  m_GameObject: {fileID: 410087039}
  m_Enabled: 1
  m_EditorHideFlags: 0
  m_Script: {fileID: 11500000, guid: 474bcb49853aa07438625e644c072ee6, type: 3}
  m_Name: 
  m_EditorClassIdentifier: 
  m_Version: 1
  m_UsePipelineSettings: 1
  m_AdditionalLightsShadowResolutionTier: 2
  m_LightLayerMask: 1
  m_CustomShadowLayers: 0
  m_ShadowLayerMask: 1
  m_LightCookieSize: {x: 1, y: 1}
  m_LightCookieOffset: {x: 0, y: 0}
--- !u!1 &417873556
GameObject:
  m_ObjectHideFlags: 0
  m_CorrespondingSourceObject: {fileID: 0}
  m_PrefabInstance: {fileID: 0}
  m_PrefabAsset: {fileID: 0}
  serializedVersion: 6
  m_Component:
  - component: {fileID: 417873557}
  m_Layer: 0
  m_Name: UI
  m_TagString: Untagged
  m_Icon: {fileID: 0}
  m_NavMeshLayer: 0
  m_StaticEditorFlags: 0
  m_IsActive: 1
--- !u!4 &417873557
Transform:
  m_ObjectHideFlags: 0
  m_CorrespondingSourceObject: {fileID: 0}
  m_PrefabInstance: {fileID: 0}
  m_PrefabAsset: {fileID: 0}
  m_GameObject: {fileID: 417873556}
  m_LocalRotation: {x: 0, y: 0, z: 0, w: 1}
  m_LocalPosition: {x: 0.7439995, y: -6.0521665, z: 0.7920789}
  m_LocalScale: {x: 1, y: 1, z: 1}
  m_ConstrainProportionsScale: 0
  m_Children:
  - {fileID: 2115759648}
  - {fileID: 380576381}
  m_Father: {fileID: 0}
  m_RootOrder: 7
  m_LocalEulerAnglesHint: {x: 0, y: 0, z: 0}
--- !u!1 &420201073 stripped
GameObject:
  m_CorrespondingSourceObject: {fileID: -7862391691550088030, guid: 5907afe82931dba47abd31177690fc35,
    type: 3}
  m_PrefabInstance: {fileID: 2047621606}
  m_PrefabAsset: {fileID: 0}
--- !u!64 &420201077
MeshCollider:
  m_ObjectHideFlags: 0
  m_CorrespondingSourceObject: {fileID: 0}
  m_PrefabInstance: {fileID: 0}
  m_PrefabAsset: {fileID: 0}
  m_GameObject: {fileID: 420201073}
  m_Material: {fileID: 0}
  m_IsTrigger: 0
  m_Enabled: 1
  serializedVersion: 4
  m_Convex: 0
  m_CookingOptions: 30
  m_Mesh: {fileID: -2232952877369940510, guid: 5907afe82931dba47abd31177690fc35, type: 3}
--- !u!64 &420201078
MeshCollider:
  m_ObjectHideFlags: 0
  m_CorrespondingSourceObject: {fileID: 0}
  m_PrefabInstance: {fileID: 0}
  m_PrefabAsset: {fileID: 0}
  m_GameObject: {fileID: 420201073}
  m_Material: {fileID: 0}
  m_IsTrigger: 0
  m_Enabled: 1
  serializedVersion: 4
  m_Convex: 0
  m_CookingOptions: 30
  m_Mesh: {fileID: -2232952877369940510, guid: 5907afe82931dba47abd31177690fc35, type: 3}
--- !u!1 &542138875
GameObject:
  m_ObjectHideFlags: 0
  m_CorrespondingSourceObject: {fileID: 0}
  m_PrefabInstance: {fileID: 0}
  m_PrefabAsset: {fileID: 0}
  serializedVersion: 6
  m_Component:
  - component: {fileID: 542138876}
  m_Layer: 0
  m_Name: 1
  m_TagString: Untagged
  m_Icon: {fileID: -1412012063857583412, guid: 0000000000000000d000000000000000, type: 0}
  m_NavMeshLayer: 0
  m_StaticEditorFlags: 0
  m_IsActive: 1
--- !u!4 &542138876
Transform:
  m_ObjectHideFlags: 0
  m_CorrespondingSourceObject: {fileID: 0}
  m_PrefabInstance: {fileID: 0}
  m_PrefabAsset: {fileID: 0}
  m_GameObject: {fileID: 542138875}
  m_LocalRotation: {x: 0, y: 0.96097255, z: 0, w: 0.27664387}
  m_LocalPosition: {x: -18.72, y: 4.684, z: 19.09629}
  m_LocalScale: {x: 1, y: 1, z: 1}
  m_ConstrainProportionsScale: 0
  m_Children: []
  m_Father: {fileID: 625207050}
  m_RootOrder: 0
  m_LocalEulerAnglesHint: {x: 0, y: 147.88, z: 0}
--- !u!1 &565591935 stripped
GameObject:
  m_CorrespondingSourceObject: {fileID: 3387747431688165370, guid: 5907afe82931dba47abd31177690fc35,
    type: 3}
  m_PrefabInstance: {fileID: 2047621606}
  m_PrefabAsset: {fileID: 0}
--- !u!64 &565591939
MeshCollider:
  m_ObjectHideFlags: 0
  m_CorrespondingSourceObject: {fileID: 0}
  m_PrefabInstance: {fileID: 0}
  m_PrefabAsset: {fileID: 0}
  m_GameObject: {fileID: 565591935}
  m_Material: {fileID: 0}
  m_IsTrigger: 0
  m_Enabled: 1
  serializedVersion: 4
  m_Convex: 0
  m_CookingOptions: 30
  m_Mesh: {fileID: 5884580939788738644, guid: 5907afe82931dba47abd31177690fc35, type: 3}
--- !u!1 &578579348 stripped
GameObject:
  m_CorrespondingSourceObject: {fileID: 6588434171230858588, guid: 5907afe82931dba47abd31177690fc35,
    type: 3}
  m_PrefabInstance: {fileID: 2047621606}
  m_PrefabAsset: {fileID: 0}
--- !u!64 &578579352
MeshCollider:
  m_ObjectHideFlags: 0
  m_CorrespondingSourceObject: {fileID: 0}
  m_PrefabInstance: {fileID: 0}
  m_PrefabAsset: {fileID: 0}
  m_GameObject: {fileID: 578579348}
  m_Material: {fileID: 0}
  m_IsTrigger: 0
  m_Enabled: 1
  serializedVersion: 4
  m_Convex: 0
  m_CookingOptions: 30
  m_Mesh: {fileID: -6430823161342096004, guid: 5907afe82931dba47abd31177690fc35, type: 3}
--- !u!1 &625207049
GameObject:
  m_ObjectHideFlags: 0
  m_CorrespondingSourceObject: {fileID: 0}
  m_PrefabInstance: {fileID: 0}
  m_PrefabAsset: {fileID: 0}
  serializedVersion: 6
  m_Component:
  - component: {fileID: 625207050}
  - component: {fileID: 625207051}
  m_Layer: 0
  m_Name: SpawnPoints
  m_TagString: Untagged
  m_Icon: {fileID: 0}
  m_NavMeshLayer: 0
  m_StaticEditorFlags: 0
  m_IsActive: 1
--- !u!4 &625207050
Transform:
  m_ObjectHideFlags: 0
  m_CorrespondingSourceObject: {fileID: 0}
  m_PrefabInstance: {fileID: 0}
  m_PrefabAsset: {fileID: 0}
  m_GameObject: {fileID: 625207049}
  m_LocalRotation: {x: 0, y: 0, z: 0, w: 1}
  m_LocalPosition: {x: 0, y: 2.21, z: 0}
  m_LocalScale: {x: 1, y: 1, z: 1}
  m_ConstrainProportionsScale: 0
  m_Children:
  - {fileID: 542138876}
  - {fileID: 1705364561}
  - {fileID: 168930267}
  - {fileID: 1962627845}
  - {fileID: 1412192557}
  - {fileID: 1810924902}
  m_Father: {fileID: 0}
  m_RootOrder: 3
  m_LocalEulerAnglesHint: {x: 0, y: 0, z: 0}
--- !u!114 &625207051
MonoBehaviour:
  m_ObjectHideFlags: 0
  m_CorrespondingSourceObject: {fileID: 0}
  m_PrefabInstance: {fileID: 0}
  m_PrefabAsset: {fileID: 0}
  m_GameObject: {fileID: 625207049}
  m_Enabled: 1
  m_EditorHideFlags: 0
  m_Script: {fileID: 11500000, guid: c156a18e60945964d839ed8b69510b02, type: 3}
  m_Name: 
  m_EditorClassIdentifier: 
  _points:
  - {fileID: 542138876}
  - {fileID: 1705364561}
  - {fileID: 168930267}
  - {fileID: 1962627845}
  - {fileID: 1412192557}
  - {fileID: 1810924902}
--- !u!1 &657739132 stripped
GameObject:
  m_CorrespondingSourceObject: {fileID: 3822306268441950433, guid: 5907afe82931dba47abd31177690fc35,
    type: 3}
  m_PrefabInstance: {fileID: 2047621606}
  m_PrefabAsset: {fileID: 0}
--- !u!64 &657739136
MeshCollider:
  m_ObjectHideFlags: 0
  m_CorrespondingSourceObject: {fileID: 0}
  m_PrefabInstance: {fileID: 0}
  m_PrefabAsset: {fileID: 0}
  m_GameObject: {fileID: 657739132}
  m_Material: {fileID: 0}
  m_IsTrigger: 0
  m_Enabled: 1
  serializedVersion: 4
  m_Convex: 0
  m_CookingOptions: 30
  m_Mesh: {fileID: 8604484703040581089, guid: 5907afe82931dba47abd31177690fc35, type: 3}
--- !u!1 &695459093 stripped
GameObject:
  m_CorrespondingSourceObject: {fileID: 8144394004440419581, guid: 5907afe82931dba47abd31177690fc35,
    type: 3}
  m_PrefabInstance: {fileID: 2047621606}
  m_PrefabAsset: {fileID: 0}
--- !u!64 &695459097
MeshCollider:
  m_ObjectHideFlags: 0
  m_CorrespondingSourceObject: {fileID: 0}
  m_PrefabInstance: {fileID: 0}
  m_PrefabAsset: {fileID: 0}
  m_GameObject: {fileID: 695459093}
  m_Material: {fileID: 0}
  m_IsTrigger: 0
  m_Enabled: 1
  serializedVersion: 4
  m_Convex: 0
  m_CookingOptions: 30
  m_Mesh: {fileID: -3292925553009838691, guid: 5907afe82931dba47abd31177690fc35, type: 3}
--- !u!1 &776754216 stripped
GameObject:
  m_CorrespondingSourceObject: {fileID: -5707490691097569201, guid: 5907afe82931dba47abd31177690fc35,
    type: 3}
  m_PrefabInstance: {fileID: 2047621606}
  m_PrefabAsset: {fileID: 0}
--- !u!64 &776754220
MeshCollider:
  m_ObjectHideFlags: 0
  m_CorrespondingSourceObject: {fileID: 0}
  m_PrefabInstance: {fileID: 0}
  m_PrefabAsset: {fileID: 0}
  m_GameObject: {fileID: 776754216}
  m_Material: {fileID: 0}
  m_IsTrigger: 0
  m_Enabled: 1
  serializedVersion: 4
  m_Convex: 0
  m_CookingOptions: 30
  m_Mesh: {fileID: 106541212177282163, guid: 5907afe82931dba47abd31177690fc35, type: 3}
--- !u!1 &777142250 stripped
GameObject:
  m_CorrespondingSourceObject: {fileID: -8971105228786396782, guid: 5907afe82931dba47abd31177690fc35,
    type: 3}
  m_PrefabInstance: {fileID: 2047621606}
  m_PrefabAsset: {fileID: 0}
--- !u!64 &777142254
MeshCollider:
  m_ObjectHideFlags: 0
  m_CorrespondingSourceObject: {fileID: 0}
  m_PrefabInstance: {fileID: 0}
  m_PrefabAsset: {fileID: 0}
  m_GameObject: {fileID: 777142250}
  m_Material: {fileID: 0}
  m_IsTrigger: 0
  m_Enabled: 1
  serializedVersion: 4
  m_Convex: 0
  m_CookingOptions: 30
  m_Mesh: {fileID: -8690482220575586178, guid: 5907afe82931dba47abd31177690fc35, type: 3}
--- !u!1 &815835934 stripped
GameObject:
  m_CorrespondingSourceObject: {fileID: -6334522115669559555, guid: 5907afe82931dba47abd31177690fc35,
    type: 3}
  m_PrefabInstance: {fileID: 2047621606}
  m_PrefabAsset: {fileID: 0}
--- !u!64 &815835938
MeshCollider:
  m_ObjectHideFlags: 0
  m_CorrespondingSourceObject: {fileID: 0}
  m_PrefabInstance: {fileID: 0}
  m_PrefabAsset: {fileID: 0}
  m_GameObject: {fileID: 815835934}
  m_Material: {fileID: 0}
  m_IsTrigger: 0
  m_Enabled: 1
  serializedVersion: 4
  m_Convex: 0
  m_CookingOptions: 30
  m_Mesh: {fileID: -7061585933124598971, guid: 5907afe82931dba47abd31177690fc35, type: 3}
--- !u!1 &815906285 stripped
GameObject:
  m_CorrespondingSourceObject: {fileID: -5139398224007270454, guid: 5907afe82931dba47abd31177690fc35,
    type: 3}
  m_PrefabInstance: {fileID: 2047621606}
  m_PrefabAsset: {fileID: 0}
--- !u!64 &815906289
MeshCollider:
  m_ObjectHideFlags: 0
  m_CorrespondingSourceObject: {fileID: 0}
  m_PrefabInstance: {fileID: 0}
  m_PrefabAsset: {fileID: 0}
  m_GameObject: {fileID: 815906285}
  m_Material: {fileID: 0}
  m_IsTrigger: 0
  m_Enabled: 1
  serializedVersion: 4
  m_Convex: 0
  m_CookingOptions: 30
  m_Mesh: {fileID: -1163589694903784978, guid: 5907afe82931dba47abd31177690fc35, type: 3}
--- !u!1 &822706157 stripped
GameObject:
  m_CorrespondingSourceObject: {fileID: 8751661772941548518, guid: 5907afe82931dba47abd31177690fc35,
    type: 3}
  m_PrefabInstance: {fileID: 2047621606}
  m_PrefabAsset: {fileID: 0}
--- !u!64 &822706161
MeshCollider:
  m_ObjectHideFlags: 0
  m_CorrespondingSourceObject: {fileID: 0}
  m_PrefabInstance: {fileID: 0}
  m_PrefabAsset: {fileID: 0}
  m_GameObject: {fileID: 822706157}
  m_Material: {fileID: 0}
  m_IsTrigger: 0
  m_Enabled: 1
  serializedVersion: 4
  m_Convex: 0
  m_CookingOptions: 30
  m_Mesh: {fileID: -8925175381207593870, guid: 5907afe82931dba47abd31177690fc35, type: 3}
--- !u!1 &852688147 stripped
GameObject:
  m_CorrespondingSourceObject: {fileID: -5944884353484478446, guid: 5907afe82931dba47abd31177690fc35,
    type: 3}
  m_PrefabInstance: {fileID: 2047621606}
  m_PrefabAsset: {fileID: 0}
--- !u!64 &852688151
MeshCollider:
  m_ObjectHideFlags: 0
  m_CorrespondingSourceObject: {fileID: 0}
  m_PrefabInstance: {fileID: 0}
  m_PrefabAsset: {fileID: 0}
  m_GameObject: {fileID: 852688147}
  m_Material: {fileID: 0}
  m_IsTrigger: 0
  m_Enabled: 1
  serializedVersion: 4
  m_Convex: 0
  m_CookingOptions: 30
  m_Mesh: {fileID: 8346531205126585843, guid: 5907afe82931dba47abd31177690fc35, type: 3}
--- !u!1 &880803300 stripped
GameObject:
  m_CorrespondingSourceObject: {fileID: 8409879660560474145, guid: 5907afe82931dba47abd31177690fc35,
    type: 3}
  m_PrefabInstance: {fileID: 2047621606}
  m_PrefabAsset: {fileID: 0}
--- !u!64 &880803304
MeshCollider:
  m_ObjectHideFlags: 0
  m_CorrespondingSourceObject: {fileID: 0}
  m_PrefabInstance: {fileID: 0}
  m_PrefabAsset: {fileID: 0}
  m_GameObject: {fileID: 880803300}
  m_Material: {fileID: 0}
  m_IsTrigger: 0
  m_Enabled: 1
  serializedVersion: 4
  m_Convex: 0
  m_CookingOptions: 30
  m_Mesh: {fileID: 2783131832183395012, guid: 5907afe82931dba47abd31177690fc35, type: 3}
--- !u!1 &918168979
GameObject:
  m_ObjectHideFlags: 0
  m_CorrespondingSourceObject: {fileID: 0}
  m_PrefabInstance: {fileID: 0}
  m_PrefabAsset: {fileID: 0}
  serializedVersion: 6
  m_Component:
  - component: {fileID: 918168980}
  - component: {fileID: 918168981}
  m_Layer: 0
  m_Name: LossCounter
  m_TagString: Untagged
  m_Icon: {fileID: 0}
  m_NavMeshLayer: 0
  m_StaticEditorFlags: 0
  m_IsActive: 1
--- !u!4 &918168980
Transform:
  m_ObjectHideFlags: 0
  m_CorrespondingSourceObject: {fileID: 0}
  m_PrefabInstance: {fileID: 0}
  m_PrefabAsset: {fileID: 0}
  m_GameObject: {fileID: 918168979}
  m_LocalRotation: {x: 0, y: 0, z: 0, w: 1}
  m_LocalPosition: {x: 960, y: 540, z: 0}
  m_LocalScale: {x: 1, y: 1, z: 1}
  m_ConstrainProportionsScale: 0
  m_Children: []
  m_Father: {fileID: 0}
  m_RootOrder: 0
  m_LocalEulerAnglesHint: {x: 0, y: 0, z: 0}
--- !u!114 &918168981
MonoBehaviour:
  m_ObjectHideFlags: 0
  m_CorrespondingSourceObject: {fileID: 0}
  m_PrefabInstance: {fileID: 0}
  m_PrefabAsset: {fileID: 0}
  m_GameObject: {fileID: 918168979}
  m_Enabled: 1
  m_EditorHideFlags: 0
  m_Script: {fileID: 11500000, guid: d16e6f7fc0c745b6a3976cc54205204f, type: 3}
  m_Name: 
  m_EditorClassIdentifier: 
--- !u!1 &929682210 stripped
GameObject:
  m_CorrespondingSourceObject: {fileID: -4225914887560890740, guid: 5907afe82931dba47abd31177690fc35,
    type: 3}
  m_PrefabInstance: {fileID: 2047621606}
  m_PrefabAsset: {fileID: 0}
--- !u!64 &929682214
MeshCollider:
  m_ObjectHideFlags: 0
  m_CorrespondingSourceObject: {fileID: 0}
  m_PrefabInstance: {fileID: 0}
  m_PrefabAsset: {fileID: 0}
  m_GameObject: {fileID: 929682210}
  m_Material: {fileID: 0}
  m_IsTrigger: 0
  m_Enabled: 1
  serializedVersion: 4
  m_Convex: 0
  m_CookingOptions: 30
  m_Mesh: {fileID: 7875615444233757513, guid: 5907afe82931dba47abd31177690fc35, type: 3}
--- !u!1 &1038504555 stripped
GameObject:
  m_CorrespondingSourceObject: {fileID: -4010433742624984557, guid: 5907afe82931dba47abd31177690fc35,
    type: 3}
  m_PrefabInstance: {fileID: 2047621606}
  m_PrefabAsset: {fileID: 0}
--- !u!64 &1038504559
MeshCollider:
  m_ObjectHideFlags: 0
  m_CorrespondingSourceObject: {fileID: 0}
  m_PrefabInstance: {fileID: 0}
  m_PrefabAsset: {fileID: 0}
  m_GameObject: {fileID: 1038504555}
  m_Material: {fileID: 0}
  m_IsTrigger: 0
  m_Enabled: 1
  serializedVersion: 4
  m_Convex: 0
  m_CookingOptions: 30
  m_Mesh: {fileID: 7463243275869744982, guid: 5907afe82931dba47abd31177690fc35, type: 3}
--- !u!1 &1104602412 stripped
GameObject:
  m_CorrespondingSourceObject: {fileID: -8462709953001013040, guid: 5907afe82931dba47abd31177690fc35,
    type: 3}
  m_PrefabInstance: {fileID: 2047621606}
  m_PrefabAsset: {fileID: 0}
--- !u!64 &1104602416
MeshCollider:
  m_ObjectHideFlags: 0
  m_CorrespondingSourceObject: {fileID: 0}
  m_PrefabInstance: {fileID: 0}
  m_PrefabAsset: {fileID: 0}
  m_GameObject: {fileID: 1104602412}
  m_Material: {fileID: 0}
  m_IsTrigger: 0
  m_Enabled: 1
  serializedVersion: 4
  m_Convex: 0
  m_CookingOptions: 30
  m_Mesh: {fileID: 3822247309040838107, guid: 5907afe82931dba47abd31177690fc35, type: 3}
--- !u!1 &1105694982 stripped
GameObject:
  m_CorrespondingSourceObject: {fileID: -6250076149019478384, guid: 5907afe82931dba47abd31177690fc35,
    type: 3}
  m_PrefabInstance: {fileID: 2047621606}
  m_PrefabAsset: {fileID: 0}
--- !u!64 &1105694986
MeshCollider:
  m_ObjectHideFlags: 0
  m_CorrespondingSourceObject: {fileID: 0}
  m_PrefabInstance: {fileID: 0}
  m_PrefabAsset: {fileID: 0}
  m_GameObject: {fileID: 1105694982}
  m_Material: {fileID: 0}
  m_IsTrigger: 0
  m_Enabled: 1
  serializedVersion: 4
  m_Convex: 0
  m_CookingOptions: 30
  m_Mesh: {fileID: -3531946766418785785, guid: 5907afe82931dba47abd31177690fc35, type: 3}
--- !u!1 &1144486507 stripped
GameObject:
  m_CorrespondingSourceObject: {fileID: -5795845215311118915, guid: 5907afe82931dba47abd31177690fc35,
    type: 3}
  m_PrefabInstance: {fileID: 2047621606}
  m_PrefabAsset: {fileID: 0}
--- !u!64 &1144486511
MeshCollider:
  m_ObjectHideFlags: 0
  m_CorrespondingSourceObject: {fileID: 0}
  m_PrefabInstance: {fileID: 0}
  m_PrefabAsset: {fileID: 0}
  m_GameObject: {fileID: 1144486507}
  m_Material: {fileID: 0}
  m_IsTrigger: 0
  m_Enabled: 1
  serializedVersion: 4
  m_Convex: 0
  m_CookingOptions: 30
  m_Mesh: {fileID: 7643229109163234770, guid: 5907afe82931dba47abd31177690fc35, type: 3}
--- !u!1 &1165091762 stripped
GameObject:
  m_CorrespondingSourceObject: {fileID: 30648912994507118, guid: 5907afe82931dba47abd31177690fc35,
    type: 3}
  m_PrefabInstance: {fileID: 2047621606}
  m_PrefabAsset: {fileID: 0}
--- !u!64 &1165091766
MeshCollider:
  m_ObjectHideFlags: 0
  m_CorrespondingSourceObject: {fileID: 0}
  m_PrefabInstance: {fileID: 0}
  m_PrefabAsset: {fileID: 0}
  m_GameObject: {fileID: 1165091762}
  m_Material: {fileID: 0}
  m_IsTrigger: 0
  m_Enabled: 1
  serializedVersion: 4
  m_Convex: 0
  m_CookingOptions: 30
  m_Mesh: {fileID: -7999898109614574093, guid: 5907afe82931dba47abd31177690fc35, type: 3}
--- !u!1 &1282661420 stripped
GameObject:
  m_CorrespondingSourceObject: {fileID: 5988881256312858879, guid: 5907afe82931dba47abd31177690fc35,
    type: 3}
  m_PrefabInstance: {fileID: 2047621606}
  m_PrefabAsset: {fileID: 0}
--- !u!64 &1282661424
MeshCollider:
  m_ObjectHideFlags: 0
  m_CorrespondingSourceObject: {fileID: 0}
  m_PrefabInstance: {fileID: 0}
  m_PrefabAsset: {fileID: 0}
  m_GameObject: {fileID: 1282661420}
  m_Material: {fileID: 0}
  m_IsTrigger: 0
  m_Enabled: 1
  serializedVersion: 4
  m_Convex: 0
  m_CookingOptions: 30
  m_Mesh: {fileID: -7647463442239531939, guid: 5907afe82931dba47abd31177690fc35, type: 3}
--- !u!1 &1329608174 stripped
GameObject:
  m_CorrespondingSourceObject: {fileID: 8198423828554859068, guid: 5907afe82931dba47abd31177690fc35,
    type: 3}
  m_PrefabInstance: {fileID: 2047621606}
  m_PrefabAsset: {fileID: 0}
--- !u!64 &1329608178
MeshCollider:
  m_ObjectHideFlags: 0
  m_CorrespondingSourceObject: {fileID: 0}
  m_PrefabInstance: {fileID: 0}
  m_PrefabAsset: {fileID: 0}
  m_GameObject: {fileID: 1329608174}
  m_Material: {fileID: 0}
  m_IsTrigger: 0
  m_Enabled: 1
  serializedVersion: 4
  m_Convex: 0
  m_CookingOptions: 30
  m_Mesh: {fileID: -5312821651996014630, guid: 5907afe82931dba47abd31177690fc35, type: 3}
--- !u!1 &1392156625 stripped
GameObject:
  m_CorrespondingSourceObject: {fileID: 4251970552547400722, guid: 5907afe82931dba47abd31177690fc35,
    type: 3}
  m_PrefabInstance: {fileID: 2047621606}
  m_PrefabAsset: {fileID: 0}
--- !u!64 &1392156629
MeshCollider:
  m_ObjectHideFlags: 0
  m_CorrespondingSourceObject: {fileID: 0}
  m_PrefabInstance: {fileID: 0}
  m_PrefabAsset: {fileID: 0}
  m_GameObject: {fileID: 1392156625}
  m_Material: {fileID: 0}
  m_IsTrigger: 0
  m_Enabled: 1
  serializedVersion: 4
  m_Convex: 0
  m_CookingOptions: 30
  m_Mesh: {fileID: 1358170449253961149, guid: 5907afe82931dba47abd31177690fc35, type: 3}
--- !u!1 &1412192556
GameObject:
  m_ObjectHideFlags: 0
  m_CorrespondingSourceObject: {fileID: 0}
  m_PrefabInstance: {fileID: 0}
  m_PrefabAsset: {fileID: 0}
  serializedVersion: 6
  m_Component:
  - component: {fileID: 1412192557}
  m_Layer: 0
  m_Name: 5
  m_TagString: Untagged
  m_Icon: {fileID: -1412012063857583412, guid: 0000000000000000d000000000000000, type: 0}
  m_NavMeshLayer: 0
  m_StaticEditorFlags: 0
  m_IsActive: 1
--- !u!4 &1412192557
Transform:
  m_ObjectHideFlags: 0
  m_CorrespondingSourceObject: {fileID: 0}
  m_PrefabInstance: {fileID: 0}
  m_PrefabAsset: {fileID: 0}
  m_GameObject: {fileID: 1412192556}
  m_LocalRotation: {x: 0, y: -0.7497069, z: 0, w: 0.66177005}
  m_LocalPosition: {x: 1.178, y: -1.267, z: 3.421}
  m_LocalScale: {x: 1, y: 1, z: 1}
  m_ConstrainProportionsScale: 0
  m_Children: []
  m_Father: {fileID: 625207050}
  m_RootOrder: 4
  m_LocalEulerAnglesHint: {x: 0, y: -97.13, z: 0}
--- !u!1 &1448653573 stripped
GameObject:
  m_CorrespondingSourceObject: {fileID: -5168247482078294538, guid: 5907afe82931dba47abd31177690fc35,
    type: 3}
  m_PrefabInstance: {fileID: 2047621606}
  m_PrefabAsset: {fileID: 0}
--- !u!64 &1448653577
MeshCollider:
  m_ObjectHideFlags: 0
  m_CorrespondingSourceObject: {fileID: 0}
  m_PrefabInstance: {fileID: 0}
  m_PrefabAsset: {fileID: 0}
  m_GameObject: {fileID: 1448653573}
  m_Material: {fileID: 0}
  m_IsTrigger: 0
  m_Enabled: 1
  serializedVersion: 4
  m_Convex: 0
  m_CookingOptions: 30
  m_Mesh: {fileID: -2329098449242126572, guid: 5907afe82931dba47abd31177690fc35, type: 3}
--- !u!1 &1512255729
GameObject:
  m_ObjectHideFlags: 0
  m_CorrespondingSourceObject: {fileID: 0}
  m_PrefabInstance: {fileID: 0}
  m_PrefabAsset: {fileID: 0}
  serializedVersion: 6
  m_Component:
  - component: {fileID: 1512255730}
  m_Layer: 0
  m_Name: Enviroment
  m_TagString: Untagged
  m_Icon: {fileID: 0}
  m_NavMeshLayer: 0
  m_StaticEditorFlags: 0
  m_IsActive: 1
--- !u!4 &1512255730
Transform:
  m_ObjectHideFlags: 0
  m_CorrespondingSourceObject: {fileID: 0}
  m_PrefabInstance: {fileID: 0}
  m_PrefabAsset: {fileID: 0}
  m_GameObject: {fileID: 1512255729}
  m_LocalRotation: {x: 0, y: 0, z: 0, w: 1}
  m_LocalPosition: {x: 0, y: 0, z: 0}
  m_LocalScale: {x: 1, y: 1, z: 1}
  m_ConstrainProportionsScale: 0
  m_Children:
  - {fileID: 2047621607}
  - {fileID: 410087041}
  - {fileID: 330585546}
  m_Father: {fileID: 0}
  m_RootOrder: 6
  m_LocalEulerAnglesHint: {x: 0, y: 0, z: 0}
--- !u!1 &1643397467 stripped
GameObject:
  m_CorrespondingSourceObject: {fileID: 4327183743295328079, guid: 5907afe82931dba47abd31177690fc35,
    type: 3}
  m_PrefabInstance: {fileID: 2047621606}
  m_PrefabAsset: {fileID: 0}
--- !u!64 &1643397471
MeshCollider:
  m_ObjectHideFlags: 0
  m_CorrespondingSourceObject: {fileID: 0}
  m_PrefabInstance: {fileID: 0}
  m_PrefabAsset: {fileID: 0}
  m_GameObject: {fileID: 1643397467}
  m_Material: {fileID: 0}
  m_IsTrigger: 0
  m_Enabled: 1
  serializedVersion: 4
  m_Convex: 0
  m_CookingOptions: 30
  m_Mesh: {fileID: -7346044036102949886, guid: 5907afe82931dba47abd31177690fc35, type: 3}
--- !u!1 &1648921907 stripped
GameObject:
  m_CorrespondingSourceObject: {fileID: 4878498122401541581, guid: 5907afe82931dba47abd31177690fc35,
    type: 3}
  m_PrefabInstance: {fileID: 2047621606}
  m_PrefabAsset: {fileID: 0}
--- !u!64 &1648921911
MeshCollider:
  m_ObjectHideFlags: 0
  m_CorrespondingSourceObject: {fileID: 0}
  m_PrefabInstance: {fileID: 0}
  m_PrefabAsset: {fileID: 0}
  m_GameObject: {fileID: 1648921907}
  m_Material: {fileID: 0}
  m_IsTrigger: 0
  m_Enabled: 1
  serializedVersion: 4
  m_Convex: 0
  m_CookingOptions: 30
  m_Mesh: {fileID: -5243098771569098612, guid: 5907afe82931dba47abd31177690fc35, type: 3}
--- !u!1 &1705364560
GameObject:
  m_ObjectHideFlags: 0
  m_CorrespondingSourceObject: {fileID: 0}
  m_PrefabInstance: {fileID: 0}
  m_PrefabAsset: {fileID: 0}
  serializedVersion: 6
  m_Component:
  - component: {fileID: 1705364561}
  m_Layer: 0
  m_Name: 2
  m_TagString: Untagged
  m_Icon: {fileID: -1412012063857583412, guid: 0000000000000000d000000000000000, type: 0}
  m_NavMeshLayer: 0
  m_StaticEditorFlags: 0
  m_IsActive: 1
--- !u!4 &1705364561
Transform:
  m_ObjectHideFlags: 0
  m_CorrespondingSourceObject: {fileID: 0}
  m_PrefabInstance: {fileID: 0}
  m_PrefabAsset: {fileID: 0}
  m_GameObject: {fileID: 1705364560}
  m_LocalRotation: {x: 0, y: 0.41612208, z: 0, w: 0.9093088}
  m_LocalPosition: {x: -21.075022, y: 1.58, z: -19.98}
  m_LocalScale: {x: 1, y: 1, z: 1}
  m_ConstrainProportionsScale: 0
  m_Children: []
  m_Father: {fileID: 625207050}
  m_RootOrder: 1
  m_LocalEulerAnglesHint: {x: 0, y: 49.18, z: 0}
--- !u!1 &1810924901
GameObject:
  m_ObjectHideFlags: 0
  m_CorrespondingSourceObject: {fileID: 0}
  m_PrefabInstance: {fileID: 0}
  m_PrefabAsset: {fileID: 0}
  serializedVersion: 6
  m_Component:
  - component: {fileID: 1810924902}
  m_Layer: 0
  m_Name: 6
  m_TagString: Untagged
  m_Icon: {fileID: -1412012063857583412, guid: 0000000000000000d000000000000000, type: 0}
  m_NavMeshLayer: 0
  m_StaticEditorFlags: 0
  m_IsActive: 1
--- !u!4 &1810924902
Transform:
  m_ObjectHideFlags: 0
  m_CorrespondingSourceObject: {fileID: 0}
  m_PrefabInstance: {fileID: 0}
  m_PrefabAsset: {fileID: 0}
  m_GameObject: {fileID: 1810924901}
  m_LocalRotation: {x: 0, y: 0.8530959, z: -0, w: -0.52175426}
  m_LocalPosition: {x: 18.11, y: -1.06, z: 20.96}
  m_LocalScale: {x: 1, y: 1, z: 1}
  m_ConstrainProportionsScale: 0
  m_Children: []
  m_Father: {fileID: 625207050}
  m_RootOrder: 5
  m_LocalEulerAnglesHint: {x: 0, y: 242.9, z: 0}
--- !u!1 &1837655616 stripped
GameObject:
  m_CorrespondingSourceObject: {fileID: -927519978232386959, guid: 5907afe82931dba47abd31177690fc35,
    type: 3}
  m_PrefabInstance: {fileID: 2047621606}
  m_PrefabAsset: {fileID: 0}
--- !u!64 &1837655620
MeshCollider:
  m_ObjectHideFlags: 0
  m_CorrespondingSourceObject: {fileID: 0}
  m_PrefabInstance: {fileID: 0}
  m_PrefabAsset: {fileID: 0}
  m_GameObject: {fileID: 1837655616}
  m_Material: {fileID: 0}
  m_IsTrigger: 0
  m_Enabled: 1
  serializedVersion: 4
  m_Convex: 0
  m_CookingOptions: 30
  m_Mesh: {fileID: 1414275290710141465, guid: 5907afe82931dba47abd31177690fc35, type: 3}
--- !u!1 &1856352050 stripped
GameObject:
  m_CorrespondingSourceObject: {fileID: -445137649591765684, guid: 5907afe82931dba47abd31177690fc35,
    type: 3}
  m_PrefabInstance: {fileID: 2047621606}
  m_PrefabAsset: {fileID: 0}
--- !u!64 &1856352054
MeshCollider:
  m_ObjectHideFlags: 0
  m_CorrespondingSourceObject: {fileID: 0}
  m_PrefabInstance: {fileID: 0}
  m_PrefabAsset: {fileID: 0}
  m_GameObject: {fileID: 1856352050}
  m_Material: {fileID: 0}
  m_IsTrigger: 0
  m_Enabled: 1
  serializedVersion: 4
  m_Convex: 0
  m_CookingOptions: 30
  m_Mesh: {fileID: 361570060702241720, guid: 5907afe82931dba47abd31177690fc35, type: 3}
--- !u!1 &1875494134
GameObject:
  m_ObjectHideFlags: 0
  m_CorrespondingSourceObject: {fileID: 0}
  m_PrefabInstance: {fileID: 0}
  m_PrefabAsset: {fileID: 0}
  serializedVersion: 6
  m_Component:
  - component: {fileID: 1875494135}
  - component: {fileID: 1875494137}
  - component: {fileID: 1875494136}
  m_Layer: 5
  m_Name: Text (TMP)
  m_TagString: Untagged
  m_Icon: {fileID: 0}
  m_NavMeshLayer: 0
  m_StaticEditorFlags: 0
  m_IsActive: 1
--- !u!224 &1875494135
RectTransform:
  m_ObjectHideFlags: 0
  m_CorrespondingSourceObject: {fileID: 0}
  m_PrefabInstance: {fileID: 0}
  m_PrefabAsset: {fileID: 0}
  m_GameObject: {fileID: 1875494134}
  m_LocalRotation: {x: 0, y: 0, z: 0, w: 1}
  m_LocalPosition: {x: 0, y: 0, z: 0}
  m_LocalScale: {x: 1, y: 1, z: 1}
  m_ConstrainProportionsScale: 0
  m_Children: []
  m_Father: {fileID: 380576381}
  m_RootOrder: 0
  m_LocalEulerAnglesHint: {x: 0, y: 0, z: 0}
  m_AnchorMin: {x: 1, y: 1}
  m_AnchorMax: {x: 1, y: 1}
  m_AnchoredPosition: {x: -20, y: -20}
  m_SizeDelta: {x: 160, y: 30}
  m_Pivot: {x: 1, y: 1}
--- !u!114 &1875494136
MonoBehaviour:
  m_ObjectHideFlags: 0
  m_CorrespondingSourceObject: {fileID: 0}
  m_PrefabInstance: {fileID: 0}
  m_PrefabAsset: {fileID: 0}
  m_GameObject: {fileID: 1875494134}
  m_Enabled: 1
  m_EditorHideFlags: 0
  m_Script: {fileID: 11500000, guid: f4688fdb7df04437aeb418b961361dc5, type: 3}
  m_Name: 
  m_EditorClassIdentifier: 
  m_Material: {fileID: 0}
  m_Color: {r: 1, g: 1, b: 1, a: 1}
  m_RaycastTarget: 1
  m_RaycastPadding: {x: 0, y: 0, z: 0, w: 0}
  m_Maskable: 1
  m_OnCullStateChanged:
    m_PersistentCalls:
      m_Calls: []
  m_text: 0:0
  m_isRightToLeft: 0
  m_fontAsset: {fileID: 11400000, guid: 8f586378b4e144a9851e7b34d9b748ee, type: 2}
  m_sharedMaterial: {fileID: 2180264, guid: 8f586378b4e144a9851e7b34d9b748ee, type: 2}
  m_fontSharedMaterials: []
  m_fontMaterial: {fileID: 0}
  m_fontMaterials: []
  m_fontColor32:
    serializedVersion: 2
    rgba: 4282300777
  m_fontColor: {r: 0.4134899, g: 0.7264151, b: 0.24328054, a: 1}
  m_enableVertexGradient: 0
  m_colorMode: 3
  m_fontColorGradient:
    topLeft: {r: 1, g: 1, b: 1, a: 1}
    topRight: {r: 1, g: 1, b: 1, a: 1}
    bottomLeft: {r: 1, g: 1, b: 1, a: 1}
    bottomRight: {r: 1, g: 1, b: 1, a: 1}
  m_fontColorGradientPreset: {fileID: 0}
  m_spriteAsset: {fileID: 0}
  m_tintAllSprites: 0
  m_StyleSheet: {fileID: 0}
  m_TextStyleHashCode: -1183493901
  m_overrideHtmlColors: 0
  m_faceColor:
    serializedVersion: 2
    rgba: 4294967295
  m_fontSize: 40
  m_fontSizeBase: 40
  m_fontWeight: 400
  m_enableAutoSizing: 0
  m_fontSizeMin: 18
  m_fontSizeMax: 72
  m_fontStyle: 0
  m_HorizontalAlignment: 4
  m_VerticalAlignment: 512
  m_textAlignment: 65535
  m_characterSpacing: 0
  m_wordSpacing: 0
  m_lineSpacing: 0
  m_lineSpacingMax: 0
  m_paragraphSpacing: 0
  m_charWidthMaxAdj: 0
  m_enableWordWrapping: 1
  m_wordWrappingRatios: 0.4
  m_overflowMode: 0
  m_linkedTextComponent: {fileID: 0}
  parentLinkedComponent: {fileID: 0}
  m_enableKerning: 1
  m_enableExtraPadding: 0
  checkPaddingRequired: 0
  m_isRichText: 1
  m_parseCtrlCharacters: 1
  m_isOrthographic: 1
  m_isCullingEnabled: 0
  m_horizontalMapping: 0
  m_verticalMapping: 0
  m_uvLineOffset: 0
  m_geometrySortingOrder: 0
  m_IsTextObjectScaleStatic: 0
  m_VertexBufferAutoSizeReduction: 0
  m_useMaxVisibleDescender: 1
  m_pageToDisplay: 1
  m_margin: {x: 0, y: 0, z: 0, w: 0}
  m_isUsingLegacyAnimationComponent: 0
  m_isVolumetricText: 0
  m_hasFontAssetChanged: 0
  m_baseMaterial: {fileID: 0}
  m_maskOffset: {x: 0, y: 0, z: 0, w: 0}
--- !u!222 &1875494137
CanvasRenderer:
  m_ObjectHideFlags: 0
  m_CorrespondingSourceObject: {fileID: 0}
  m_PrefabInstance: {fileID: 0}
  m_PrefabAsset: {fileID: 0}
  m_GameObject: {fileID: 1875494134}
  m_CullTransparentMesh: 1
--- !u!1 &1882400726
GameObject:
  m_ObjectHideFlags: 0
  m_CorrespondingSourceObject: {fileID: 0}
  m_PrefabInstance: {fileID: 0}
  m_PrefabAsset: {fileID: 0}
  serializedVersion: 6
  m_Component:
  - component: {fileID: 1882400728}
  - component: {fileID: 1882400727}
  - component: {fileID: 1882400729}
  m_Layer: 0
  m_Name: Factory
  m_TagString: Untagged
  m_Icon: {fileID: 0}
  m_NavMeshLayer: 0
  m_StaticEditorFlags: 0
  m_IsActive: 1
--- !u!114 &1882400727
MonoBehaviour:
  m_ObjectHideFlags: 0
  m_CorrespondingSourceObject: {fileID: 0}
  m_PrefabInstance: {fileID: 0}
  m_PrefabAsset: {fileID: 0}
  m_GameObject: {fileID: 1882400726}
  m_Enabled: 1
  m_EditorHideFlags: 0
  m_Script: {fileID: 11500000, guid: 9687b6a7336c4824a23ea04d6b93658e, type: 3}
  m_Name: 
  m_EditorClassIdentifier: 
  _skins: {fileID: 1882400729}
  _playerPrefab: {fileID: 1520632487663903237, guid: 35ce8657431e13e419a5a0f7d7cd0668,
    type: 3}
  _enemyPrefab: {fileID: 8512970603417560953, guid: de8ac731e5971214c9c09022fcfec093,
    type: 3}
--- !u!4 &1882400728
Transform:
  m_ObjectHideFlags: 0
  m_CorrespondingSourceObject: {fileID: 0}
  m_PrefabInstance: {fileID: 0}
  m_PrefabAsset: {fileID: 0}
  m_GameObject: {fileID: 1882400726}
  m_LocalRotation: {x: 0, y: 0, z: 0, w: 1}
  m_LocalPosition: {x: 7.1370697, y: 1.5951706, z: 6.3906536}
  m_LocalScale: {x: 1, y: 1, z: 1}
  m_ConstrainProportionsScale: 0
  m_Children: []
  m_Father: {fileID: 0}
  m_RootOrder: 1
  m_LocalEulerAnglesHint: {x: 0, y: 0, z: 0}
--- !u!114 &1882400729
MonoBehaviour:
  m_ObjectHideFlags: 0
  m_CorrespondingSourceObject: {fileID: 0}
  m_PrefabInstance: {fileID: 0}
  m_PrefabAsset: {fileID: 0}
  m_GameObject: {fileID: 1882400726}
  m_Enabled: 1
  m_EditorHideFlags: 0
  m_Script: {fileID: 11500000, guid: 7ce9525f7a0049e59c8b223fda81c82a, type: 3}
  m_Name: 
  m_EditorClassIdentifier: 
  _materials:
  - {fileID: 2100000, guid: 432888e6f5f25ad41882e1f39ed88858, type: 2}
  - {fileID: 2100000, guid: 119f971ec35717e4fb7805d4f30183a7, type: 2}
  - {fileID: 2100000, guid: 7cc3d54f3ef3bc24b92be56f49f41cc9, type: 2}
  - {fileID: 2100000, guid: b727316ed25c43b4292071b244986c2c, type: 2}
  - {fileID: 2100000, guid: 248c91de1388f0446b94c485ee081a37, type: 2}
--- !u!1 &1883715373 stripped
GameObject:
  m_CorrespondingSourceObject: {fileID: 8763116865593369344, guid: 5907afe82931dba47abd31177690fc35,
    type: 3}
  m_PrefabInstance: {fileID: 2047621606}
  m_PrefabAsset: {fileID: 0}
--- !u!64 &1883715377
MeshCollider:
  m_ObjectHideFlags: 0
  m_CorrespondingSourceObject: {fileID: 0}
  m_PrefabInstance: {fileID: 0}
  m_PrefabAsset: {fileID: 0}
  m_GameObject: {fileID: 1883715373}
  m_Material: {fileID: 0}
  m_IsTrigger: 0
  m_Enabled: 1
  serializedVersion: 4
  m_Convex: 0
  m_CookingOptions: 30
  m_Mesh: {fileID: 7180617628134214300, guid: 5907afe82931dba47abd31177690fc35, type: 3}
--- !u!1 &1896062942 stripped
GameObject:
  m_CorrespondingSourceObject: {fileID: 9125750224511326099, guid: 5907afe82931dba47abd31177690fc35,
    type: 3}
  m_PrefabInstance: {fileID: 2047621606}
  m_PrefabAsset: {fileID: 0}
--- !u!64 &1896062946
MeshCollider:
  m_ObjectHideFlags: 0
  m_CorrespondingSourceObject: {fileID: 0}
  m_PrefabInstance: {fileID: 0}
  m_PrefabAsset: {fileID: 0}
  m_GameObject: {fileID: 1896062942}
  m_Material: {fileID: 0}
  m_IsTrigger: 0
  m_Enabled: 1
  serializedVersion: 4
  m_Convex: 0
  m_CookingOptions: 30
  m_Mesh: {fileID: -8586770294792153069, guid: 5907afe82931dba47abd31177690fc35, type: 3}
--- !u!1 &1933315209 stripped
GameObject:
  m_CorrespondingSourceObject: {fileID: -7780066210683076552, guid: 5907afe82931dba47abd31177690fc35,
    type: 3}
  m_PrefabInstance: {fileID: 2047621606}
  m_PrefabAsset: {fileID: 0}
--- !u!64 &1933315213
MeshCollider:
  m_ObjectHideFlags: 0
  m_CorrespondingSourceObject: {fileID: 0}
  m_PrefabInstance: {fileID: 0}
  m_PrefabAsset: {fileID: 0}
  m_GameObject: {fileID: 1933315209}
  m_Material: {fileID: 0}
  m_IsTrigger: 0
  m_Enabled: 1
  serializedVersion: 4
  m_Convex: 0
  m_CookingOptions: 30
  m_Mesh: {fileID: -8298940227465870776, guid: 5907afe82931dba47abd31177690fc35, type: 3}
--- !u!1 &1941195312 stripped
GameObject:
  m_CorrespondingSourceObject: {fileID: 1480631128982663329, guid: 5907afe82931dba47abd31177690fc35,
    type: 3}
  m_PrefabInstance: {fileID: 2047621606}
  m_PrefabAsset: {fileID: 0}
--- !u!64 &1941195316
MeshCollider:
  m_ObjectHideFlags: 0
  m_CorrespondingSourceObject: {fileID: 0}
  m_PrefabInstance: {fileID: 0}
  m_PrefabAsset: {fileID: 0}
  m_GameObject: {fileID: 1941195312}
  m_Material: {fileID: 0}
  m_IsTrigger: 0
  m_Enabled: 1
  serializedVersion: 4
  m_Convex: 0
  m_CookingOptions: 30
  m_Mesh: {fileID: 19518579058340498, guid: 5907afe82931dba47abd31177690fc35, type: 3}
--- !u!1 &1942484664 stripped
GameObject:
  m_CorrespondingSourceObject: {fileID: -1237816149400669630, guid: 5907afe82931dba47abd31177690fc35,
    type: 3}
  m_PrefabInstance: {fileID: 2047621606}
  m_PrefabAsset: {fileID: 0}
--- !u!64 &1942484668
MeshCollider:
  m_ObjectHideFlags: 0
  m_CorrespondingSourceObject: {fileID: 0}
  m_PrefabInstance: {fileID: 0}
  m_PrefabAsset: {fileID: 0}
  m_GameObject: {fileID: 1942484664}
  m_Material: {fileID: 0}
  m_IsTrigger: 0
  m_Enabled: 1
  serializedVersion: 4
  m_Convex: 0
  m_CookingOptions: 30
  m_Mesh: {fileID: 4143267299020566393, guid: 5907afe82931dba47abd31177690fc35, type: 3}
--- !u!1 &1942506007 stripped
GameObject:
  m_CorrespondingSourceObject: {fileID: 2249601072385645600, guid: 5907afe82931dba47abd31177690fc35,
    type: 3}
  m_PrefabInstance: {fileID: 2047621606}
  m_PrefabAsset: {fileID: 0}
--- !u!64 &1942506011
MeshCollider:
  m_ObjectHideFlags: 0
  m_CorrespondingSourceObject: {fileID: 0}
  m_PrefabInstance: {fileID: 0}
  m_PrefabAsset: {fileID: 0}
  m_GameObject: {fileID: 1942506007}
  m_Material: {fileID: 0}
  m_IsTrigger: 0
  m_Enabled: 1
  serializedVersion: 4
  m_Convex: 0
  m_CookingOptions: 30
  m_Mesh: {fileID: 4803559095270227739, guid: 5907afe82931dba47abd31177690fc35, type: 3}
--- !u!1 &1956339283 stripped
GameObject:
  m_CorrespondingSourceObject: {fileID: -1916899210259106318, guid: 5907afe82931dba47abd31177690fc35,
    type: 3}
  m_PrefabInstance: {fileID: 2047621606}
  m_PrefabAsset: {fileID: 0}
--- !u!64 &1956339287
MeshCollider:
  m_ObjectHideFlags: 0
  m_CorrespondingSourceObject: {fileID: 0}
  m_PrefabInstance: {fileID: 0}
  m_PrefabAsset: {fileID: 0}
  m_GameObject: {fileID: 1956339283}
  m_Material: {fileID: 0}
  m_IsTrigger: 0
  m_Enabled: 1
  serializedVersion: 4
  m_Convex: 0
  m_CookingOptions: 30
  m_Mesh: {fileID: 6715375062900545627, guid: 5907afe82931dba47abd31177690fc35, type: 3}
--- !u!1 &1962627844
GameObject:
  m_ObjectHideFlags: 0
  m_CorrespondingSourceObject: {fileID: 0}
  m_PrefabInstance: {fileID: 0}
  m_PrefabAsset: {fileID: 0}
  serializedVersion: 6
  m_Component:
  - component: {fileID: 1962627845}
  m_Layer: 0
  m_Name: 4
  m_TagString: Untagged
  m_Icon: {fileID: -1412012063857583412, guid: 0000000000000000d000000000000000, type: 0}
  m_NavMeshLayer: 0
  m_StaticEditorFlags: 0
  m_IsActive: 1
--- !u!4 &1962627845
Transform:
  m_ObjectHideFlags: 0
  m_CorrespondingSourceObject: {fileID: 0}
  m_PrefabInstance: {fileID: 0}
  m_PrefabAsset: {fileID: 0}
  m_GameObject: {fileID: 1962627844}
  m_LocalRotation: {x: 0, y: -0.7666051, z: 0, w: 0.64211893}
  m_LocalPosition: {x: 20.07, y: -1.06, z: 6.39}
  m_LocalScale: {x: 1, y: 1, z: 1}
  m_ConstrainProportionsScale: 0
  m_Children: []
  m_Father: {fileID: 625207050}
  m_RootOrder: 3
  m_LocalEulerAnglesHint: {x: 0, y: -100.1, z: 0}
--- !u!1 &1986453652 stripped
GameObject:
  m_CorrespondingSourceObject: {fileID: 2372101842476191254, guid: 5907afe82931dba47abd31177690fc35,
    type: 3}
  m_PrefabInstance: {fileID: 2047621606}
  m_PrefabAsset: {fileID: 0}
--- !u!64 &1986453656
MeshCollider:
  m_ObjectHideFlags: 0
  m_CorrespondingSourceObject: {fileID: 0}
  m_PrefabInstance: {fileID: 0}
  m_PrefabAsset: {fileID: 0}
  m_GameObject: {fileID: 1986453652}
  m_Material: {fileID: 0}
  m_IsTrigger: 0
  m_Enabled: 1
  serializedVersion: 4
  m_Convex: 0
  m_CookingOptions: 30
  m_Mesh: {fileID: -5573580799846109427, guid: 5907afe82931dba47abd31177690fc35, type: 3}
--- !u!1001 &1991060070
PrefabInstance:
  m_ObjectHideFlags: 0
  serializedVersion: 2
  m_Modification:
    m_TransformParent: {fileID: 0}
    m_Modifications:
    - target: {fileID: 1520632487663903234, guid: 35ce8657431e13e419a5a0f7d7cd0668,
        type: 3}
      propertyPath: m_RootOrder
      value: 4
      objectReference: {fileID: 0}
    - target: {fileID: 1520632487663903234, guid: 35ce8657431e13e419a5a0f7d7cd0668,
        type: 3}
      propertyPath: m_LocalPosition.x
      value: 5.96
      objectReference: {fileID: 0}
    - target: {fileID: 1520632487663903234, guid: 35ce8657431e13e419a5a0f7d7cd0668,
        type: 3}
      propertyPath: m_LocalPosition.y
      value: 0
      objectReference: {fileID: 0}
    - target: {fileID: 1520632487663903234, guid: 35ce8657431e13e419a5a0f7d7cd0668,
        type: 3}
      propertyPath: m_LocalPosition.z
      value: 6.36
      objectReference: {fileID: 0}
    - target: {fileID: 1520632487663903234, guid: 35ce8657431e13e419a5a0f7d7cd0668,
        type: 3}
      propertyPath: m_LocalRotation.w
      value: 1
      objectReference: {fileID: 0}
    - target: {fileID: 1520632487663903234, guid: 35ce8657431e13e419a5a0f7d7cd0668,
        type: 3}
      propertyPath: m_LocalRotation.x
      value: 0
      objectReference: {fileID: 0}
    - target: {fileID: 1520632487663903234, guid: 35ce8657431e13e419a5a0f7d7cd0668,
        type: 3}
      propertyPath: m_LocalRotation.y
      value: 0
      objectReference: {fileID: 0}
    - target: {fileID: 1520632487663903234, guid: 35ce8657431e13e419a5a0f7d7cd0668,
        type: 3}
      propertyPath: m_LocalRotation.z
      value: 0
      objectReference: {fileID: 0}
    - target: {fileID: 1520632487663903234, guid: 35ce8657431e13e419a5a0f7d7cd0668,
        type: 3}
      propertyPath: m_LocalEulerAnglesHint.x
      value: 0
      objectReference: {fileID: 0}
    - target: {fileID: 1520632487663903234, guid: 35ce8657431e13e419a5a0f7d7cd0668,
        type: 3}
      propertyPath: m_LocalEulerAnglesHint.y
      value: 0
      objectReference: {fileID: 0}
    - target: {fileID: 1520632487663903234, guid: 35ce8657431e13e419a5a0f7d7cd0668,
        type: 3}
      propertyPath: m_LocalEulerAnglesHint.z
      value: 0
      objectReference: {fileID: 0}
    - target: {fileID: 1520632487663903236, guid: 35ce8657431e13e419a5a0f7d7cd0668,
        type: 3}
      propertyPath: m_Name
      value: Player
      objectReference: {fileID: 0}
    - target: {fileID: 1520632487663903236, guid: 35ce8657431e13e419a5a0f7d7cd0668,
        type: 3}
      propertyPath: m_IsActive
      value: 0
      objectReference: {fileID: 0}
    m_RemovedComponents: []
  m_SourcePrefab: {fileID: 100100000, guid: 35ce8657431e13e419a5a0f7d7cd0668, type: 3}
--- !u!1 &1994302735 stripped
GameObject:
  m_CorrespondingSourceObject: {fileID: 8957541978337803467, guid: 5907afe82931dba47abd31177690fc35,
    type: 3}
  m_PrefabInstance: {fileID: 2047621606}
  m_PrefabAsset: {fileID: 0}
--- !u!64 &1994302739
MeshCollider:
  m_ObjectHideFlags: 0
  m_CorrespondingSourceObject: {fileID: 0}
  m_PrefabInstance: {fileID: 0}
  m_PrefabAsset: {fileID: 0}
  m_GameObject: {fileID: 1994302735}
  m_Material: {fileID: 0}
  m_IsTrigger: 0
  m_Enabled: 1
  serializedVersion: 4
  m_Convex: 0
  m_CookingOptions: 30
  m_Mesh: {fileID: 5997108026369354314, guid: 5907afe82931dba47abd31177690fc35, type: 3}
--- !u!1 &2013425700 stripped
GameObject:
  m_CorrespondingSourceObject: {fileID: 2000058786975544101, guid: 5907afe82931dba47abd31177690fc35,
    type: 3}
  m_PrefabInstance: {fileID: 2047621606}
  m_PrefabAsset: {fileID: 0}
--- !u!64 &2013425704
MeshCollider:
  m_ObjectHideFlags: 0
  m_CorrespondingSourceObject: {fileID: 0}
  m_PrefabInstance: {fileID: 0}
  m_PrefabAsset: {fileID: 0}
  m_GameObject: {fileID: 2013425700}
  m_Material: {fileID: 0}
  m_IsTrigger: 0
  m_Enabled: 1
  serializedVersion: 4
  m_Convex: 0
  m_CookingOptions: 30
  m_Mesh: {fileID: 962604307019542867, guid: 5907afe82931dba47abd31177690fc35, type: 3}
--- !u!1 &2039880331 stripped
GameObject:
  m_CorrespondingSourceObject: {fileID: -6336591330073575196, guid: 5907afe82931dba47abd31177690fc35,
    type: 3}
  m_PrefabInstance: {fileID: 2047621606}
  m_PrefabAsset: {fileID: 0}
--- !u!64 &2039880335
MeshCollider:
  m_ObjectHideFlags: 0
  m_CorrespondingSourceObject: {fileID: 0}
  m_PrefabInstance: {fileID: 0}
  m_PrefabAsset: {fileID: 0}
  m_GameObject: {fileID: 2039880331}
  m_Material: {fileID: 0}
  m_IsTrigger: 0
  m_Enabled: 1
  serializedVersion: 4
  m_Convex: 0
  m_CookingOptions: 30
  m_Mesh: {fileID: 2420285437684576273, guid: 5907afe82931dba47abd31177690fc35, type: 3}
--- !u!1001 &2047621606
PrefabInstance:
  m_ObjectHideFlags: 0
  serializedVersion: 2
  m_Modification:
    m_TransformParent: {fileID: 1512255730}
    m_Modifications:
    - target: {fileID: -8971105228786396782, guid: 5907afe82931dba47abd31177690fc35,
        type: 3}
      propertyPath: m_Layer
      value: 6
      objectReference: {fileID: 0}
    - target: {fileID: -8679921383154817045, guid: 5907afe82931dba47abd31177690fc35,
        type: 3}
      propertyPath: m_RootOrder
      value: 0
      objectReference: {fileID: 0}
    - target: {fileID: -8679921383154817045, guid: 5907afe82931dba47abd31177690fc35,
        type: 3}
      propertyPath: m_LocalPosition.x
      value: 0
      objectReference: {fileID: 0}
    - target: {fileID: -8679921383154817045, guid: 5907afe82931dba47abd31177690fc35,
        type: 3}
      propertyPath: m_LocalPosition.y
      value: 0
      objectReference: {fileID: 0}
    - target: {fileID: -8679921383154817045, guid: 5907afe82931dba47abd31177690fc35,
        type: 3}
      propertyPath: m_LocalPosition.z
      value: 0
      objectReference: {fileID: 0}
    - target: {fileID: -8679921383154817045, guid: 5907afe82931dba47abd31177690fc35,
        type: 3}
      propertyPath: m_LocalRotation.w
      value: 1
      objectReference: {fileID: 0}
    - target: {fileID: -8679921383154817045, guid: 5907afe82931dba47abd31177690fc35,
        type: 3}
      propertyPath: m_LocalRotation.x
      value: -0
      objectReference: {fileID: 0}
    - target: {fileID: -8679921383154817045, guid: 5907afe82931dba47abd31177690fc35,
        type: 3}
      propertyPath: m_LocalRotation.y
      value: -0
      objectReference: {fileID: 0}
    - target: {fileID: -8679921383154817045, guid: 5907afe82931dba47abd31177690fc35,
        type: 3}
      propertyPath: m_LocalRotation.z
      value: -0
      objectReference: {fileID: 0}
    - target: {fileID: -8679921383154817045, guid: 5907afe82931dba47abd31177690fc35,
        type: 3}
      propertyPath: m_LocalEulerAnglesHint.x
      value: 0
      objectReference: {fileID: 0}
    - target: {fileID: -8679921383154817045, guid: 5907afe82931dba47abd31177690fc35,
        type: 3}
      propertyPath: m_LocalEulerAnglesHint.y
      value: 0
      objectReference: {fileID: 0}
    - target: {fileID: -8679921383154817045, guid: 5907afe82931dba47abd31177690fc35,
        type: 3}
      propertyPath: m_LocalEulerAnglesHint.z
      value: 0
      objectReference: {fileID: 0}
    - target: {fileID: -8462709953001013040, guid: 5907afe82931dba47abd31177690fc35,
        type: 3}
      propertyPath: m_Layer
      value: 6
      objectReference: {fileID: 0}
    - target: {fileID: -7862391691550088030, guid: 5907afe82931dba47abd31177690fc35,
        type: 3}
      propertyPath: m_Layer
      value: 6
      objectReference: {fileID: 0}
    - target: {fileID: -7780066210683076552, guid: 5907afe82931dba47abd31177690fc35,
        type: 3}
      propertyPath: m_Layer
      value: 6
      objectReference: {fileID: 0}
    - target: {fileID: -7556275672212240162, guid: 5907afe82931dba47abd31177690fc35,
        type: 3}
      propertyPath: m_Layer
      value: 6
      objectReference: {fileID: 0}
    - target: {fileID: -7359278958463129214, guid: 5907afe82931dba47abd31177690fc35,
        type: 3}
      propertyPath: m_Layer
      value: 6
      objectReference: {fileID: 0}
    - target: {fileID: -6336591330073575196, guid: 5907afe82931dba47abd31177690fc35,
        type: 3}
      propertyPath: m_Layer
      value: 6
      objectReference: {fileID: 0}
    - target: {fileID: -6334522115669559555, guid: 5907afe82931dba47abd31177690fc35,
        type: 3}
      propertyPath: m_Layer
      value: 6
      objectReference: {fileID: 0}
    - target: {fileID: -6319091506081472516, guid: 5907afe82931dba47abd31177690fc35,
        type: 3}
      propertyPath: m_Layer
      value: 6
      objectReference: {fileID: 0}
    - target: {fileID: -6250076149019478384, guid: 5907afe82931dba47abd31177690fc35,
        type: 3}
      propertyPath: m_Layer
      value: 6
      objectReference: {fileID: 0}
    - target: {fileID: -5944884353484478446, guid: 5907afe82931dba47abd31177690fc35,
        type: 3}
      propertyPath: m_Layer
      value: 6
      objectReference: {fileID: 0}
    - target: {fileID: -5795845215311118915, guid: 5907afe82931dba47abd31177690fc35,
        type: 3}
      propertyPath: m_Layer
      value: 6
      objectReference: {fileID: 0}
    - target: {fileID: -5707490691097569201, guid: 5907afe82931dba47abd31177690fc35,
        type: 3}
      propertyPath: m_Layer
      value: 6
      objectReference: {fileID: 0}
    - target: {fileID: -5168247482078294538, guid: 5907afe82931dba47abd31177690fc35,
        type: 3}
      propertyPath: m_Layer
      value: 6
      objectReference: {fileID: 0}
    - target: {fileID: -5139398224007270454, guid: 5907afe82931dba47abd31177690fc35,
        type: 3}
      propertyPath: m_Layer
      value: 6
      objectReference: {fileID: 0}
    - target: {fileID: -4507900262165122138, guid: 5907afe82931dba47abd31177690fc35,
        type: 3}
      propertyPath: m_Layer
      value: 6
      objectReference: {fileID: 0}
    - target: {fileID: -4225914887560890740, guid: 5907afe82931dba47abd31177690fc35,
        type: 3}
      propertyPath: m_Layer
      value: 6
      objectReference: {fileID: 0}
    - target: {fileID: -4010433742624984557, guid: 5907afe82931dba47abd31177690fc35,
        type: 3}
      propertyPath: m_Layer
      value: 6
      objectReference: {fileID: 0}
    - target: {fileID: -2815194613554758484, guid: 5907afe82931dba47abd31177690fc35,
        type: 3}
      propertyPath: m_Layer
      value: 6
      objectReference: {fileID: 0}
    - target: {fileID: -2422315340263230684, guid: 5907afe82931dba47abd31177690fc35,
        type: 3}
      propertyPath: m_Layer
      value: 6
      objectReference: {fileID: 0}
    - target: {fileID: -2234811440987334085, guid: 5907afe82931dba47abd31177690fc35,
        type: 3}
      propertyPath: m_Layer
      value: 6
      objectReference: {fileID: 0}
    - target: {fileID: -1916899210259106318, guid: 5907afe82931dba47abd31177690fc35,
        type: 3}
      propertyPath: m_Layer
      value: 6
      objectReference: {fileID: 0}
    - target: {fileID: -1611644270237827686, guid: 5907afe82931dba47abd31177690fc35,
        type: 3}
      propertyPath: m_Layer
      value: 6
      objectReference: {fileID: 0}
    - target: {fileID: -1554193974251969968, guid: 5907afe82931dba47abd31177690fc35,
        type: 3}
      propertyPath: m_Layer
      value: 6
      objectReference: {fileID: 0}
    - target: {fileID: -1237892347586123680, guid: 5907afe82931dba47abd31177690fc35,
        type: 3}
      propertyPath: m_Layer
      value: 6
      objectReference: {fileID: 0}
    - target: {fileID: -1237816149400669630, guid: 5907afe82931dba47abd31177690fc35,
        type: 3}
      propertyPath: m_Layer
      value: 6
      objectReference: {fileID: 0}
    - target: {fileID: -927519978232386959, guid: 5907afe82931dba47abd31177690fc35,
        type: 3}
      propertyPath: m_Layer
      value: 6
      objectReference: {fileID: 0}
    - target: {fileID: -445137649591765684, guid: 5907afe82931dba47abd31177690fc35,
        type: 3}
      propertyPath: m_Layer
      value: 6
      objectReference: {fileID: 0}
    - target: {fileID: 30648912994507118, guid: 5907afe82931dba47abd31177690fc35,
        type: 3}
      propertyPath: m_Layer
      value: 6
      objectReference: {fileID: 0}
    - target: {fileID: 573365890677976103, guid: 5907afe82931dba47abd31177690fc35,
        type: 3}
      propertyPath: m_Layer
      value: 6
      objectReference: {fileID: 0}
    - target: {fileID: 919132149155446097, guid: 5907afe82931dba47abd31177690fc35,
        type: 3}
      propertyPath: m_Name
      value: LevelModel
      objectReference: {fileID: 0}
    - target: {fileID: 919132149155446097, guid: 5907afe82931dba47abd31177690fc35,
        type: 3}
      propertyPath: m_Layer
      value: 6
      objectReference: {fileID: 0}
    - target: {fileID: 1480631128982663329, guid: 5907afe82931dba47abd31177690fc35,
        type: 3}
      propertyPath: m_Layer
      value: 6
      objectReference: {fileID: 0}
    - target: {fileID: 2000058786975544101, guid: 5907afe82931dba47abd31177690fc35,
        type: 3}
      propertyPath: m_Layer
      value: 6
      objectReference: {fileID: 0}
    - target: {fileID: 2249601072385645600, guid: 5907afe82931dba47abd31177690fc35,
        type: 3}
      propertyPath: m_Layer
      value: 6
      objectReference: {fileID: 0}
    - target: {fileID: 2372101842476191254, guid: 5907afe82931dba47abd31177690fc35,
        type: 3}
      propertyPath: m_Layer
      value: 6
      objectReference: {fileID: 0}
    - target: {fileID: 3387747431688165370, guid: 5907afe82931dba47abd31177690fc35,
        type: 3}
      propertyPath: m_Layer
      value: 6
      objectReference: {fileID: 0}
    - target: {fileID: 3822306268441950433, guid: 5907afe82931dba47abd31177690fc35,
        type: 3}
      propertyPath: m_Layer
      value: 6
      objectReference: {fileID: 0}
    - target: {fileID: 4251970552547400722, guid: 5907afe82931dba47abd31177690fc35,
        type: 3}
      propertyPath: m_Layer
      value: 6
      objectReference: {fileID: 0}
    - target: {fileID: 4327183743295328079, guid: 5907afe82931dba47abd31177690fc35,
        type: 3}
      propertyPath: m_Layer
      value: 6
      objectReference: {fileID: 0}
    - target: {fileID: 4609190261242277994, guid: 5907afe82931dba47abd31177690fc35,
        type: 3}
      propertyPath: m_Layer
      value: 6
      objectReference: {fileID: 0}
    - target: {fileID: 4878498122401541581, guid: 5907afe82931dba47abd31177690fc35,
        type: 3}
      propertyPath: m_Layer
      value: 6
      objectReference: {fileID: 0}
    - target: {fileID: 5618701585267747043, guid: 5907afe82931dba47abd31177690fc35,
        type: 3}
      propertyPath: m_Layer
      value: 6
      objectReference: {fileID: 0}
    - target: {fileID: 5988881256312858879, guid: 5907afe82931dba47abd31177690fc35,
        type: 3}
      propertyPath: m_Layer
      value: 6
      objectReference: {fileID: 0}
    - target: {fileID: 6430287856991936409, guid: 5907afe82931dba47abd31177690fc35,
        type: 3}
      propertyPath: m_LocalPosition.x
      value: -0.01
      objectReference: {fileID: 0}
    - target: {fileID: 6430287856991936409, guid: 5907afe82931dba47abd31177690fc35,
        type: 3}
      propertyPath: m_LocalPosition.y
      value: -0.04
      objectReference: {fileID: 0}
    - target: {fileID: 6588434171230858588, guid: 5907afe82931dba47abd31177690fc35,
        type: 3}
      propertyPath: m_Layer
      value: 6
      objectReference: {fileID: 0}
    - target: {fileID: 8144394004440419581, guid: 5907afe82931dba47abd31177690fc35,
        type: 3}
      propertyPath: m_Layer
      value: 6
      objectReference: {fileID: 0}
    - target: {fileID: 8198423828554859068, guid: 5907afe82931dba47abd31177690fc35,
        type: 3}
      propertyPath: m_Layer
      value: 6
      objectReference: {fileID: 0}
    - target: {fileID: 8409879660560474145, guid: 5907afe82931dba47abd31177690fc35,
        type: 3}
      propertyPath: m_Layer
      value: 6
      objectReference: {fileID: 0}
    - target: {fileID: 8751661772941548518, guid: 5907afe82931dba47abd31177690fc35,
        type: 3}
      propertyPath: m_Layer
      value: 6
      objectReference: {fileID: 0}
    - target: {fileID: 8763116865593369344, guid: 5907afe82931dba47abd31177690fc35,
        type: 3}
      propertyPath: m_Layer
      value: 6
      objectReference: {fileID: 0}
    - target: {fileID: 8957541978337803467, guid: 5907afe82931dba47abd31177690fc35,
        type: 3}
      propertyPath: m_Layer
      value: 6
      objectReference: {fileID: 0}
    - target: {fileID: 9125750224511326099, guid: 5907afe82931dba47abd31177690fc35,
        type: 3}
      propertyPath: m_Layer
      value: 6
      objectReference: {fileID: 0}
    m_RemovedComponents: []
  m_SourcePrefab: {fileID: 100100000, guid: 5907afe82931dba47abd31177690fc35, type: 3}
--- !u!4 &2047621607 stripped
Transform:
  m_CorrespondingSourceObject: {fileID: -8679921383154817045, guid: 5907afe82931dba47abd31177690fc35,
    type: 3}
  m_PrefabInstance: {fileID: 2047621606}
  m_PrefabAsset: {fileID: 0}
--- !u!1 &2061708907 stripped
GameObject:
  m_CorrespondingSourceObject: {fileID: 573365890677976103, guid: 5907afe82931dba47abd31177690fc35,
    type: 3}
  m_PrefabInstance: {fileID: 2047621606}
  m_PrefabAsset: {fileID: 0}
--- !u!64 &2061708911
MeshCollider:
  m_ObjectHideFlags: 0
  m_CorrespondingSourceObject: {fileID: 0}
  m_PrefabInstance: {fileID: 0}
  m_PrefabAsset: {fileID: 0}
  m_GameObject: {fileID: 2061708907}
  m_Material: {fileID: 0}
  m_IsTrigger: 0
  m_Enabled: 1
  serializedVersion: 4
  m_Convex: 0
  m_CookingOptions: 30
  m_Mesh: {fileID: 5764791265324379050, guid: 5907afe82931dba47abd31177690fc35, type: 3}
--- !u!1 &2076720371 stripped
GameObject:
  m_CorrespondingSourceObject: {fileID: -1611644270237827686, guid: 5907afe82931dba47abd31177690fc35,
    type: 3}
  m_PrefabInstance: {fileID: 2047621606}
  m_PrefabAsset: {fileID: 0}
--- !u!64 &2076720375
MeshCollider:
  m_ObjectHideFlags: 0
  m_CorrespondingSourceObject: {fileID: 0}
  m_PrefabInstance: {fileID: 0}
  m_PrefabAsset: {fileID: 0}
  m_GameObject: {fileID: 2076720371}
  m_Material: {fileID: 0}
  m_IsTrigger: 0
  m_Enabled: 1
  serializedVersion: 4
  m_Convex: 0
  m_CookingOptions: 30
  m_Mesh: {fileID: -114699674525647331, guid: 5907afe82931dba47abd31177690fc35, type: 3}
--- !u!1 &2107178717 stripped
GameObject:
  m_CorrespondingSourceObject: {fileID: -4507900262165122138, guid: 5907afe82931dba47abd31177690fc35,
    type: 3}
  m_PrefabInstance: {fileID: 2047621606}
  m_PrefabAsset: {fileID: 0}
--- !u!64 &2107178721
MeshCollider:
  m_ObjectHideFlags: 0
  m_CorrespondingSourceObject: {fileID: 0}
  m_PrefabInstance: {fileID: 0}
  m_PrefabAsset: {fileID: 0}
  m_GameObject: {fileID: 2107178717}
  m_Material: {fileID: 0}
  m_IsTrigger: 0
  m_Enabled: 1
  serializedVersion: 4
  m_Convex: 0
  m_CookingOptions: 30
  m_Mesh: {fileID: 7733717212360752527, guid: 5907afe82931dba47abd31177690fc35, type: 3}
--- !u!1 &2115759645
GameObject:
  m_ObjectHideFlags: 0
  m_CorrespondingSourceObject: {fileID: 0}
  m_PrefabInstance: {fileID: 0}
  m_PrefabAsset: {fileID: 0}
  serializedVersion: 6
  m_Component:
  - component: {fileID: 2115759648}
  - component: {fileID: 2115759647}
  - component: {fileID: 2115759646}
  m_Layer: 0
  m_Name: EventSystem
  m_TagString: Untagged
  m_Icon: {fileID: 0}
  m_NavMeshLayer: 0
  m_StaticEditorFlags: 0
  m_IsActive: 1
--- !u!114 &2115759646
MonoBehaviour:
  m_ObjectHideFlags: 0
  m_CorrespondingSourceObject: {fileID: 0}
  m_PrefabInstance: {fileID: 0}
  m_PrefabAsset: {fileID: 0}
  m_GameObject: {fileID: 2115759645}
  m_Enabled: 1
  m_EditorHideFlags: 0
  m_Script: {fileID: 11500000, guid: 4f231c4fb786f3946a6b90b886c48677, type: 3}
  m_Name: 
  m_EditorClassIdentifier: 
  m_SendPointerHoverToParent: 1
  m_HorizontalAxis: Horizontal
  m_VerticalAxis: Vertical
  m_SubmitButton: Submit
  m_CancelButton: Cancel
  m_InputActionsPerSecond: 10
  m_RepeatDelay: 0.5
  m_ForceModuleActive: 0
--- !u!114 &2115759647
MonoBehaviour:
  m_ObjectHideFlags: 0
  m_CorrespondingSourceObject: {fileID: 0}
  m_PrefabInstance: {fileID: 0}
  m_PrefabAsset: {fileID: 0}
  m_GameObject: {fileID: 2115759645}
  m_Enabled: 1
  m_EditorHideFlags: 0
  m_Script: {fileID: 11500000, guid: 76c392e42b5098c458856cdf6ecaaaa1, type: 3}
  m_Name: 
  m_EditorClassIdentifier: 
  m_FirstSelected: {fileID: 0}
  m_sendNavigationEvents: 1
  m_DragThreshold: 10
--- !u!4 &2115759648
Transform:
  m_ObjectHideFlags: 0
  m_CorrespondingSourceObject: {fileID: 0}
  m_PrefabInstance: {fileID: 0}
  m_PrefabAsset: {fileID: 0}
  m_GameObject: {fileID: 2115759645}
  m_LocalRotation: {x: -0, y: -0, z: -0, w: 1}
  m_LocalPosition: {x: -0.7439995, y: 6.0521665, z: -0.7920789}
  m_LocalScale: {x: 1, y: 1, z: 1}
  m_ConstrainProportionsScale: 0
  m_Children: []
  m_Father: {fileID: 417873557}
  m_RootOrder: 0
  m_LocalEulerAnglesHint: {x: 0, y: 0, z: 0}
--- !u!1 &2119901717 stripped
GameObject:
  m_CorrespondingSourceObject: {fileID: -1237892347586123680, guid: 5907afe82931dba47abd31177690fc35,
    type: 3}
  m_PrefabInstance: {fileID: 2047621606}
  m_PrefabAsset: {fileID: 0}
--- !u!64 &2119901721
MeshCollider:
  m_ObjectHideFlags: 0
  m_CorrespondingSourceObject: {fileID: 0}
  m_PrefabInstance: {fileID: 0}
  m_PrefabAsset: {fileID: 0}
  m_GameObject: {fileID: 2119901717}
  m_Material: {fileID: 0}
  m_IsTrigger: 0
  m_Enabled: 1
  serializedVersion: 4
  m_Convex: 0
  m_CookingOptions: 30
  m_Mesh: {fileID: 6851674242468891434, guid: 5907afe82931dba47abd31177690fc35, type: 3}
--- !u!1001 &7901374243792802478
PrefabInstance:
  m_ObjectHideFlags: 0
  serializedVersion: 2
  m_Modification:
    m_TransformParent: {fileID: 0}
    m_Modifications:
    - target: {fileID: 7901374242838599978, guid: 91a23ad4b17fae04ba9f82c4a2e76c02,
        type: 3}
      propertyPath: m_RootOrder
      value: 5
      objectReference: {fileID: 0}
    - target: {fileID: 7901374242838599978, guid: 91a23ad4b17fae04ba9f82c4a2e76c02,
        type: 3}
      propertyPath: m_LocalPosition.x
      value: 9.19
      objectReference: {fileID: 0}
    - target: {fileID: 7901374242838599978, guid: 91a23ad4b17fae04ba9f82c4a2e76c02,
        type: 3}
      propertyPath: m_LocalPosition.y
      value: 1.4516612
      objectReference: {fileID: 0}
    - target: {fileID: 7901374242838599978, guid: 91a23ad4b17fae04ba9f82c4a2e76c02,
        type: 3}
      propertyPath: m_LocalPosition.z
      value: 11.84
      objectReference: {fileID: 0}
    - target: {fileID: 7901374242838599978, guid: 91a23ad4b17fae04ba9f82c4a2e76c02,
        type: 3}
      propertyPath: m_LocalRotation.w
      value: 1
      objectReference: {fileID: 0}
    - target: {fileID: 7901374242838599978, guid: 91a23ad4b17fae04ba9f82c4a2e76c02,
        type: 3}
      propertyPath: m_LocalRotation.x
      value: 0
      objectReference: {fileID: 0}
    - target: {fileID: 7901374242838599978, guid: 91a23ad4b17fae04ba9f82c4a2e76c02,
        type: 3}
      propertyPath: m_LocalRotation.y
      value: 0
      objectReference: {fileID: 0}
    - target: {fileID: 7901374242838599978, guid: 91a23ad4b17fae04ba9f82c4a2e76c02,
        type: 3}
      propertyPath: m_LocalRotation.z
      value: 0
      objectReference: {fileID: 0}
    - target: {fileID: 7901374242838599978, guid: 91a23ad4b17fae04ba9f82c4a2e76c02,
        type: 3}
      propertyPath: m_LocalEulerAnglesHint.x
      value: 0
      objectReference: {fileID: 0}
    - target: {fileID: 7901374242838599978, guid: 91a23ad4b17fae04ba9f82c4a2e76c02,
        type: 3}
      propertyPath: m_LocalEulerAnglesHint.y
      value: 0
      objectReference: {fileID: 0}
    - target: {fileID: 7901374242838599978, guid: 91a23ad4b17fae04ba9f82c4a2e76c02,
        type: 3}
      propertyPath: m_LocalEulerAnglesHint.z
      value: 0
      objectReference: {fileID: 0}
    - target: {fileID: 7901374242838599983, guid: 91a23ad4b17fae04ba9f82c4a2e76c02,
        type: 3}
      propertyPath: m_Name
      value: Bullet
      objectReference: {fileID: 0}
    - target: {fileID: 7901374242838599983, guid: 91a23ad4b17fae04ba9f82c4a2e76c02,
        type: 3}
      propertyPath: m_IsActive
      value: 0
      objectReference: {fileID: 0}
    m_RemovedComponents: []
  m_SourcePrefab: {fileID: 100100000, guid: 91a23ad4b17fae04ba9f82c4a2e76c02, type: 3}
